event_id,segment_id,event_subtype,start_tstamp,closed_tstamp,precipitation_flag,precip_rate,speed_at_crash,reference_speed,arrived,notified,total_lanes,open_lanes,closed_lanes,unknown_lanes,road_condition,vehicle_count,Car_count,SUV_count,Tractor_count,Bus_count,Car&Trailor_count,van_count,overturned,Jack Knifed,Lost_Load
event_0,segment_599,accident,2019-01-01 00:17:09-05:00,2019-01-01 00:51:23-05:00,Rain,0.62,56,56,2019-01-01 00:17:13-05:00,2019-01-01 00:17:09-05:00,16,14,2,0,Wet,0,0,0,0,0,0,0,0,0,0
event_1,segment_853,accident,2019-01-01 00:44:59-05:00,2019-01-01 01:13:24-05:00,No Percipitation,0,55,56,2019-01-01 00:45:07-05:00,,13,7,0,6,Wet,0,0,0,0,0,0,0,0,0,0
event_2,segment_600,accident,2019-01-01 01:01:37-05:00,2019-01-01 01:16:49-05:00,No Percipitation,0,57,64,2019-01-01 01:01:41-05:00,2019-01-01 01:01:37-05:00,9,7,2,0,Wet,0,0,0,0,0,0,0,0,0,0
event_3,segment_1209,injury accident,2019-01-01 01:30:04-05:00,2019-01-01 02:35:53-05:00,No Percipitation,0,50,38,2019-01-01 01:32:07-05:00,,12,7,5,0,Wet,1,1,0,0,0,0,0,0,0,0
event_4,segment_2088,accident,2019-01-01 02:20:22-05:00,2019-01-01 02:44:17-05:00,No Percipitation,0,43,43,2019-01-01 02:22:06-05:00,2019-01-01 02:20:22-05:00,10,9,1,0,Wet,1,1,0,0,0,0,0,0,0,0
event_5,segment_327,accident,2019-01-01 03:08:14-05:00,2019-01-01 04:56:19-05:00,No Percipitation,0,62,62,2019-01-01 03:08:18-05:00,2019-01-01 03:08:14-05:00,12,8,0,4,Wet,2,2,0,0,0,0,0,0,0,0
event_6,segment_940,accident,2019-01-01 03:09:15-05:00,2019-01-01 03:41:35-05:00,No Percipitation,0,52,59,2019-01-01 03:13:44-05:00,2019-01-01 03:09:41-05:00,14,12,2,0,Wet,2,2,0,0,0,0,0,0,0,0
event_7,segment_769,injury accident,2019-01-01 03:20:40-05:00,2019-01-01 03:31:14-05:00,No Percipitation,0,65,59,2019-01-01 03:20:43-05:00,2019-01-01 03:20:40-05:00,14,12,2,0,Wet,0,0,0,0,0,0,0,0,0,0
event_8,segment_635,accident,2019-01-01 03:27:10-05:00,2019-01-01 05:11:18-05:00,No Percipitation,0,60,60,2019-01-01 03:28:07-05:00,,10,5,0,5,Wet,0,0,0,0,0,0,0,0,0,0
event_9,segment_853,accident,2019-01-01 03:30:04-05:00,2019-01-01 03:36:27-05:00,No Percipitation,0,60,56,2019-01-01 03:31:15-05:00,,13,12,1,0,Wet,0,0,0,0,0,0,0,0,0,0
event_10,segment_632,accident,2019-01-01 03:31:49-05:00,2019-01-01 04:53:25-05:00,No Percipitation,0,23,60,2019-01-01 03:32:10-05:00,,15,14,1,0,Wet,1,1,0,0,0,0,0,1,0,0
event_11,segment_896,accident,2019-01-01 03:31:59-05:00,2019-01-01 03:50:21-05:00,No Percipitation,0,52,56,2019-01-01 03:32:12-05:00,,14,13,1,0,Wet,0,0,0,0,0,0,0,0,0,0
event_12,segment_878,accident,2019-01-01 04:13:42-05:00,2019-01-01 04:21:00-05:00,No Percipitation,0,46,56,2019-01-01 04:13:47-05:00,2019-01-01 04:13:42-05:00,14,11,3,0,Wet,1,1,0,0,0,0,0,0,0,0
event_13,segment_1826,accident,2019-01-01 04:22:01-05:00,2019-01-01 04:35:18-05:00,No Percipitation,0,33,33,2019-01-01 04:22:04-05:00,2019-01-01 04:22:01-05:00,13,11,1,1,Wet,0,0,0,0,0,0,0,0,0,0
event_14,segment_888,accident,2019-01-01 04:33:17-05:00,2019-01-01 04:46:45-05:00,No Percipitation,0,56,59,2019-01-01 04:33:35-05:00,2019-01-01 04:33:17-05:00,17,15,2,0,Wet,1,1,0,0,0,0,0,0,0,0
event_15,segment_236,accident,2019-01-01 04:36:55-05:00,2019-01-01 04:50:33-05:00,No Percipitation,0,58,58,2019-01-01 04:37:18-05:00,2019-01-01 04:36:55-05:00,10,9,1,0,Wet,0,0,0,0,0,0,0,0,0,0
event_16,segment_873,accident,2019-01-01 05:04:28-05:00,2019-01-01 05:23:32-05:00,No Percipitation,0,63,61,2019-01-01 05:04:38-05:00,,13,8,5,0,Wet,2,2,0,0,0,0,0,0,0,0
event_17,segment_919,accident,2019-01-01 05:30:49-05:00,2019-01-01 05:54:43-05:00,No Percipitation,0,55,59,2019-01-01 05:47:29-05:00,,14,12,2,0,Wet,2,2,0,0,0,0,0,0,0,0
event_18,segment_871,accident,2019-01-01 05:55:46-05:00,2019-01-01 05:56:14-05:00,No Percipitation,0,70,60,2019-01-01 05:55:59-05:00,2019-01-01 05:55:46-05:00,14,13,1,0,Wet,1,1,0,0,0,0,0,0,0,0
event_19,segment_628,accident,2019-01-01 06:11:18-05:00,2019-01-01 08:47:29-05:00,No Percipitation,0,64,61,2019-01-01 06:18:04-05:00,2019-01-01 06:11:31-05:00,10,6,0,4,Wet,1,1,0,0,0,0,0,0,0,0
event_20,segment_633,accident,2019-01-01 07:08:30-05:00,2019-01-01 07:14:51-05:00,No Percipitation,0,67,61,2019-01-01 07:08:35-05:00,2019-01-01 07:08:30-05:00,15,8,0,7,Wet,2,2,0,0,0,0,0,0,0,0
event_21,segment_524,accident,2019-01-01 07:42:43-05:00,2019-01-01 08:18:00-05:00,No Percipitation,0,61,57,2019-01-01 07:48:59-05:00,2019-01-01 07:43:14-05:00,13,5,0,8,Wet,1,1,0,0,0,0,0,0,0,0
event_22,segment_635,accident,2019-01-01 07:53:33-05:00,2019-01-01 09:05:23-05:00,No Percipitation,0,45,60,2019-01-01 07:55:35-05:00,2019-01-01 07:53:33-05:00,11,10,1,0,Wet,1,1,0,0,0,0,0,1,0,0
event_23,segment_93,accident,2019-01-01 08:01:34-05:00,2019-01-01 09:16:13-05:00,No Percipitation,0,57,58,2019-01-01 08:15:37-05:00,2019-01-01 08:02:13-05:00,10,6,0,4,Wet,1,0,1,0,0,0,0,0,0,0
event_24,segment_878,accident,2019-01-01 08:06:56-05:00,2019-01-01 08:27:08-05:00,No Percipitation,0,55,56,2019-01-01 08:10:08-05:00,,13,10,3,0,Wet,2,2,0,0,0,0,0,0,0,0
event_25,segment_830,accident,2019-01-01 08:15:43-05:00,2019-01-01 08:50:17-05:00,No Percipitation,0,64,61,2019-01-01 08:16:24-05:00,,17,14,3,0,Wet,3,2,1,0,0,0,0,0,0,0
event_26,segment_2014,accident,2019-01-01 08:36:02-05:00,2019-01-01 13:15:04-05:00,No Percipitation,0,61,61,2019-01-01 08:36:58-05:00,2019-01-01 08:36:12-05:00,15,9,0,6,Dry,2,2,0,0,0,0,0,0,0,0
event_27,segment_861,injury accident,2019-01-01 09:02:33-05:00,2019-01-01 09:57:30-05:00,No Percipitation,0,60,61,2019-01-01 09:15:00-05:00,2019-01-01 09:14:16-05:00,13,7,0,6,Wet,2,2,0,0,0,0,0,0,0,0
event_28,segment_758,accident,2019-01-01 09:02:48-05:00,2019-01-01 09:38:10-05:00,No Percipitation,0,54,53,2019-01-01 09:05:26-05:00,2019-01-01 09:03:08-05:00,12,6,0,6,Unspecified,1,1,0,0,0,0,0,0,0,0
event_29,segment_316,accident,2019-01-01 09:08:59-05:00,2019-01-01 11:47:30-05:00,No Percipitation,0,69,64,2019-01-01 09:09:23-05:00,2019-01-01 09:08:59-05:00,13,8,0,5,Wet,1,0,1,0,0,0,0,0,0,0
event_30,segment_684,accident,2019-01-01 09:40:19-05:00,2019-01-01 10:03:17-05:00,No Percipitation,0,62,61,2019-01-01 09:43:50-05:00,2019-01-01 09:40:34-05:00,13,7,0,6,Wet,2,2,0,0,0,0,0,0,0,0
event_31,segment_725,accident,2019-01-01 09:50:57-05:00,2019-01-01 10:38:27-05:00,No Percipitation,0,82,62,2019-01-01 10:04:46-05:00,,16,15,1,0,Wet,1,1,0,0,0,0,0,0,0,0
event_32,segment_125,accident,2019-01-01 09:59:38-05:00,2019-01-01 10:50:57-05:00,No Percipitation,0,48,49,2019-01-01 10:03:01-05:00,2019-01-01 10:00:04-05:00,11,1,0,10,Wet,1,1,0,0,0,0,0,0,0,0
event_33,segment_207,accident,2019-01-01 10:11:25-05:00,2019-01-01 11:18:57-05:00,No Percipitation,0,60,59,2019-01-01 11:18:41-05:00,2019-01-01 10:11:37-05:00,,,,,Dry,0,0,0,0,0,0,0,0,0,0
event_34,segment_886,accident,2019-01-01 10:29:11-05:00,2019-01-01 11:35:19-05:00,No Percipitation,0,30,59,2019-01-01 10:30:06-05:00,,11,10,0,1,Dry,1,1,0,0,0,0,0,0,0,0
event_35,segment_987,accident,2019-01-01 13:06:21-05:00,2019-01-01 14:06:32-05:00,No Percipitation,0,65,57,2019-01-01 13:37:45-05:00,2019-01-01 13:07:57-05:00,9,5,0,4,Dry,3,3,0,0,0,0,0,0,0,0
event_36,segment_489,accident,2019-01-01 14:03:00-05:00,2019-01-01 14:46:25-05:00,No Percipitation,0,74,65,2019-01-01 14:09:59-05:00,2019-01-01 14:03:07-05:00,11,6,0,5,Dry,2,2,0,0,0,0,0,0,0,0
event_37,segment_401,accident,2019-01-01 14:14:34-05:00,2019-01-01 14:46:18-05:00,No Percipitation,0,67,65,2019-01-01 14:46:14-05:00,2019-01-01 14:14:42-05:00,11,6,0,5,Dry,2,2,0,0,0,0,0,0,0,0
event_38,segment_476,accident,2019-01-01 14:51:02-05:00,2019-01-01 16:12:51-05:00,No Percipitation,0,34,66,2019-01-01 14:58:26-05:00,2019-01-01 14:51:10-05:00,11,6,0,5,Dry,3,3,0,0,0,0,0,0,0,0
event_39,segment_476,accident,2019-01-01 15:22:39-05:00,2019-01-01 17:28:29-05:00,No Percipitation,0,36,66,2019-01-01 15:30:00-05:00,2019-01-01 15:22:56-05:00,11,6,0,5,Dry,3,3,0,0,0,0,0,0,0,0
event_40,segment_73,injury accident,2019-01-01 16:54:01-05:00,2019-01-01 18:29:31-05:00,No Percipitation,0,65,64,2019-01-01 16:56:16-05:00,2019-01-01 16:54:01-05:00,9,8,1,0,Dry,1,0,1,0,0,0,0,0,0,0
event_41,segment_428,accident,2019-01-01 17:42:48-05:00,2019-01-01 17:56:35-05:00,No Percipitation,0,60,64,2019-01-01 17:50:00-05:00,2019-01-01 17:42:57-05:00,11,10,1,0,Dry,0,0,0,0,0,0,0,0,0,0
event_42,segment_442,accident,2019-01-01 17:55:11-05:00,2019-01-01 18:18:54-05:00,No Percipitation,0,31,41,2019-01-01 17:59:17-05:00,2019-01-01 17:55:28-05:00,13,7,0,6,Dry,2,2,0,0,0,0,0,0,0,0
event_43,segment_442,accident,2019-01-01 18:26:37-05:00,2019-01-01 18:44:01-05:00,No Percipitation,0,18,41,2019-01-01 18:26:44-05:00,,13,12,1,0,Dry,2,2,0,0,0,0,0,0,0,0
event_44,segment_9,accident,2019-01-01 19:33:50-05:00,2019-01-01 20:09:37-05:00,No Percipitation,0,60,60,2019-01-01 19:34:05-05:00,,12,6,0,6,Dry,2,2,0,0,0,0,0,0,0,0
event_45,segment_1696,injury accident,2019-01-01 20:19:17-05:00,2019-01-01 20:56:56-05:00,No Percipitation,0,67,57,2019-01-01 20:19:30-05:00,,14,12,2,0,Dry,5,5,0,0,0,0,0,0,0,0
event_46,segment_331,accident,2019-01-01 21:34:46-05:00,2019-01-01 22:17:24-05:00,No Percipitation,0,66,64,2019-01-01 21:35:18-05:00,2019-01-01 21:34:46-05:00,15,13,1,1,Dry,1,1,0,0,0,0,0,0,0,0
event_47,segment_528,accident,2019-01-01 22:09:43-05:00,2019-01-01 22:32:50-05:00,No Percipitation,0,70,66,2019-01-01 22:09:49-05:00,2019-01-01 22:09:43-05:00,9,7,0,2,Dry,0,0,0,0,0,0,0,0,0,0
event_48,segment_58,accident,2019-01-02 00:09:11-05:00,2019-01-02 00:23:24-05:00,No Percipitation,0,63,62,2019-01-02 00:09:28-05:00,2019-01-02 00:09:11-05:00,23,22,1,0,Dry,1,1,0,0,0,0,0,0,0,0
event_49,segment_1699,accident,2019-01-02 02:29:30-05:00,2019-01-02 02:31:24-05:00,No Percipitation,0,57,57,2019-01-02 02:29:35-05:00,2019-01-02 02:29:30-05:00,22,21,1,0,Dry,1,1,0,0,0,0,0,0,0,0
event_50,segment_145,accident,2019-01-02 05:02:24-05:00,2019-01-02 05:14:54-05:00,No Percipitation,0,66,54,2019-01-02 05:05:06-05:00,2019-01-02 05:02:49-05:00,10,6,0,4,Dry,1,1,0,0,0,0,0,0,0,0
event_51,segment_77,injury accident,2019-01-02 05:10:00-05:00,2019-01-02 05:43:40-05:00,No Percipitation,0,71,67,2019-01-02 05:18:50-05:00,2019-01-02 05:10:42-05:00,10,6,0,4,Dry,1,0,1,0,0,0,0,0,0,0
event_52,segment_74,accident,2019-01-02 05:32:40-05:00,2019-01-02 05:41:25-05:00,No Percipitation,0,66,63,2019-01-02 05:18:24-05:00,2019-01-02 05:18:20-05:00,10,9,1,0,Dry,1,1,0,0,0,0,0,0,0,0
event_53,segment_987,injury accident,2019-01-02 05:56:28-05:00,2019-01-02 06:46:44-05:00,No Percipitation,0,51,57,2019-01-02 06:01:40-05:00,2019-01-02 05:59:32-05:00,9,5,0,4,Dry,2,2,0,0,0,0,0,0,0,0
event_54,segment_1684,injury accident,2019-01-02 06:24:15-05:00,2019-01-02 08:10:39-05:00,No Percipitation,0,54,54,2019-01-02 06:36:52-05:00,2019-01-02 06:25:12-05:00,17,11,0,6,Dry,5,5,0,0,0,0,0,0,0,0
event_55,segment_294,accident,2019-01-02 06:25:04-05:00,2019-01-02 07:21:28-05:00,No Percipitation,0,68,59,2019-01-02 06:27:38-05:00,2019-01-02 06:27:00-05:00,11,6,0,5,Dry,2,2,0,0,0,0,0,0,0,0
event_56,segment_427,accident,2019-01-02 06:52:57-05:00,2019-01-02 07:04:46-05:00,No Percipitation,0,59,48,2019-01-02 06:56:28-05:00,2019-01-02 06:54:01-05:00,11,10,1,0,Dry,2,2,0,0,0,0,0,0,0,0
event_57,segment_1877,accident,2019-01-02 06:53:36-05:00,2019-01-02 08:39:11-05:00,No Percipitation,0,35,35,2019-01-02 07:08:52-05:00,2019-01-02 06:56:17-05:00,5,1,0,4,Dry,0,0,0,0,0,0,0,0,0,0
event_58,segment_35,injury accident,2019-01-02 07:04:28-05:00,2019-01-02 07:38:54-05:00,No Percipitation,0,66,64,2019-01-02 07:12:39-05:00,2019-01-02 07:04:57-05:00,9,5,0,4,Dry,3,2,0,0,0,0,0,0,0,0
event_59,segment_466,accident,2019-01-02 07:13:57-05:00,2019-01-02 07:28:56-05:00,No Percipitation,0,21,57,2019-01-02 07:22:52-05:00,2019-01-02 07:14:27-05:00,13,12,1,0,Dry,2,2,0,0,0,0,0,0,0,0
event_60,segment_400,accident,2019-01-02 07:17:05-05:00,2019-01-02 07:19:33-05:00,No Percipitation,0,67,64,2019-01-02 07:19:25-05:00,2019-01-02 07:17:20-05:00,13,7,0,6,Dry,2,2,0,0,0,0,0,0,0,0
event_61,segment_466,accident,2019-01-02 07:36:30-05:00,2019-01-02 07:38:01-05:00,No Percipitation,0,20,57,2019-01-02 07:37:17-05:00,,13,7,0,6,Dry,2,2,0,0,0,0,0,0,0,0
event_62,segment_987,accident,2019-01-02 08:10:20-05:00,2019-01-02 08:18:00-05:00,No Percipitation,0,38,57,2019-01-02 08:17:29-05:00,2019-01-02 08:11:26-05:00,10,5,0,5,Dry,1,1,0,0,0,0,0,0,0,0
event_63,segment_987,accident,2019-01-02 08:12:47-05:00,2019-01-02 08:36:23-05:00,No Percipitation,0,37,57,2019-01-02 08:16:54-05:00,,10,5,0,5,Dry,2,1,1,0,0,0,0,0,0,0
event_64,segment_987,accident,2019-01-02 09:22:55-05:00,2019-01-02 09:49:47-05:00,No Percipitation,0,54,57,2019-01-02 09:23:46-05:00,2019-01-02 09:23:42-05:00,7,4,0,3,Dry,3,1,2,0,0,0,0,0,0,0
event_65,segment_639,accident,2019-01-02 09:53:22-05:00,2019-01-02 09:54:18-05:00,No Percipitation,0,53,60,2019-01-02 09:54:00-05:00,2019-01-02 09:53:22-05:00,9,8,1,0,Dry,2,2,0,0,0,0,0,0,0,0
event_66,segment_825,injury accident,2019-01-02 10:56:17-05:00,2019-01-02 11:06:13-05:00,No Percipitation,0,73,66,2019-01-02 10:56:52-05:00,,12,10,2,0,Dry,1,1,0,0,0,0,0,0,0,0
event_67,segment_993,accident,2019-01-02 12:23:56-05:00,2019-01-02 12:44:45-05:00,No Percipitation,0,14,34,2019-01-02 12:28:48-05:00,2019-01-02 12:24:18-05:00,7,6,1,0,Dry,2,2,0,0,0,0,0,0,0,0
event_68,segment_1799,accident,2019-01-02 12:51:52-05:00,2019-01-02 20:18:34-05:00,No Percipitation,0,38,38,2019-01-02 13:00:00-05:00,2019-01-02 12:53:40-05:00,5,0,0,5,Dry,2,0,1,0,0,0,0,0,0,0
event_69,segment_427,accident,2019-01-02 13:07:42-05:00,2019-01-02 13:25:09-05:00,No Percipitation,0,51,48,2019-01-02 13:10:21-05:00,2019-01-02 13:09:34-05:00,11,9,2,0,Dry,0,0,0,0,0,0,0,0,0,0
event_70,segment_1282,accident,2019-01-02 13:54:22-05:00,2019-01-02 14:59:46-05:00,No Percipitation,0,13,37,2019-01-02 13:55:51-05:00,,15,13,2,0,Dry,42,40,2,0,0,0,0,0,0,0
event_71,segment_1033,injury accident,2019-01-02 13:57:03-05:00,2019-01-02 14:48:56-05:00,No Percipitation,0,65,65,2019-01-02 13:57:43-05:00,2019-01-02 13:57:03-05:00,9,5,0,4,Dry,1,1,0,0,0,0,0,0,0,0
event_72,segment_893,accident,2019-01-02 14:00:25-05:00,2019-01-02 14:05:55-05:00,No Percipitation,0,46,58,2019-01-02 14:00:29-05:00,2019-01-02 14:00:25-05:00,14,13,1,0,Dry,2,2,0,0,0,0,0,0,0,0
event_73,segment_877,accident,2019-01-02 14:12:07-05:00,2019-01-02 14:21:42-05:00,No Percipitation,0,19,59,2019-01-02 14:12:36-05:00,2019-01-02 14:12:07-05:00,15,14,1,0,Dry,3,3,0,0,0,0,0,0,0,0
event_74,segment_1750,injury accident,2019-01-02 15:04:06-05:00,2019-01-02 19:49:15-05:00,No Percipitation,0,32,44,2019-01-02 15:08:20-05:00,,9,5,4,0,Dry,1,1,0,0,0,0,0,1,0,0
event_75,segment_899,accident,2019-01-02 15:10:15-05:00,2019-01-02 15:23:51-05:00,No Percipitation,0,58,58,2019-01-02 15:13:40-05:00,2019-01-02 15:10:15-05:00,13,12,1,0,Dry,2,2,0,0,0,0,0,0,0,0
event_76,segment_127,injury accident,2019-01-02 16:30:41-05:00,2019-01-02 16:40:09-05:00,No Percipitation,0,61,61,2019-01-02 16:34:22-05:00,2019-01-02 16:31:44-05:00,11,6,0,5,Dry,0,0,0,0,0,0,0,0,0,0
event_77,segment_1903,injury accident,2019-01-02 16:37:58-05:00,2019-01-02 17:45:28-05:00,No Percipitation,0,42,43,2019-01-02 16:57:39-05:00,2019-01-02 16:38:40-05:00,5,1,0,4,Dry,1,1,0,0,0,0,0,1,0,0
event_78,segment_26,accident,2019-01-02 17:21:30-05:00,2019-01-02 17:32:41-05:00,No Percipitation,0,14,64,2019-01-02 17:21:59-05:00,2019-01-02 17:21:30-05:00,,,,,Dry,2,2,0,0,0,0,0,0,0,0
event_79,segment_38,injury accident,2019-01-02 17:29:27-05:00,2019-01-02 17:49:47-05:00,No Percipitation,0,24,62,2019-01-02 17:33:54-05:00,2019-01-02 17:29:27-05:00,9,7,2,0,Dry,3,3,0,0,0,0,0,0,0,0
event_80,segment_692,accident,2019-01-02 17:30:59-05:00,2019-01-02 17:44:32-05:00,No Percipitation,0,16,60,2019-01-02 17:31:07-05:00,2019-01-02 17:30:59-05:00,17,15,2,0,Dry,2,2,0,0,0,0,0,0,0,0
event_81,segment_869,accident,2019-01-02 17:34:06-05:00,2019-01-02 17:35:45-05:00,No Percipitation,0,23,58,2019-01-02 17:34:18-05:00,2019-01-02 17:34:06-05:00,14,13,1,0,Dry,2,2,0,0,0,0,0,0,0,0
event_82,segment_597,accident,2019-01-02 17:44:59-05:00,2019-01-02 18:14:30-05:00,No Percipitation,0,60,65,2019-01-02 18:01:29-05:00,2019-01-02 17:44:59-05:00,10,9,1,0,Dry,3,3,0,0,0,0,0,0,0,0
event_83,segment_538,accident,2019-01-02 17:47:44-05:00,2019-01-02 17:59:21-05:00,No Percipitation,0,6,63,2019-01-02 17:53:17-05:00,2019-01-02 17:47:44-05:00,11,10,1,0,Dry,0,0,0,0,0,0,0,0,0,0
event_84,segment_72,accident,2019-01-02 18:00:19-05:00,2019-01-02 18:54:27-05:00,No Percipitation,0,53,67,2019-01-02 18:12:37-05:00,2019-01-02 18:00:33-05:00,11,6,0,5,Dry,3,2,1,0,0,0,0,0,0,0
event_85,segment_684,accident,2019-01-02 18:00:49-05:00,2019-01-02 18:22:31-05:00,No Percipitation,0,24,61,2019-01-02 18:01:29-05:00,2019-01-02 18:00:49-05:00,13,11,2,0,Dry,2,1,1,0,0,0,0,0,0,0
event_86,segment_693,accident,2019-01-02 18:01:04-05:00,2019-01-02 18:09:50-05:00,No Percipitation,0,30,59,2019-01-02 18:01:08-05:00,2019-01-02 18:01:04-05:00,13,12,1,0,Dry,2,2,0,0,0,0,0,0,0,0
event_87,segment_600,accident,2019-01-02 18:22:09-05:00,2019-01-02 19:05:30-05:00,No Percipitation,0,60,64,2019-01-02 18:22:13-05:00,2019-01-02 18:22:09-05:00,9,8,1,0,Dry,2,2,0,0,0,0,0,0,0,0
event_88,segment_688,accident,2019-01-02 18:26:59-05:00,2019-01-02 19:10:02-05:00,No Percipitation,0,50,59,2019-01-02 19:09:16-05:00,2019-01-02 18:27:11-05:00,15,13,0,2,Dry,0,0,0,0,0,0,0,0,0,0
event_89,segment_686,injury accident,2019-01-02 18:31:19-05:00,2019-01-02 19:05:09-05:00,No Percipitation,0,57,62,2019-01-02 18:31:43-05:00,2019-01-02 18:31:19-05:00,14,12,2,0,Dry,2,2,0,0,0,0,0,0,0,0
event_90,segment_2042,accident,2019-01-02 18:39:10-05:00,2019-01-02 19:05:15-05:00,No Percipitation,0,22,57,2019-01-02 18:39:20-05:00,,11,10,1,0,Dry,2,2,0,0,0,0,0,0,0,0
event_91,segment_847,accident,2019-01-02 18:51:01-05:00,2019-01-02 19:01:21-05:00,No Percipitation,0,63,61,2019-01-02 18:52:04-05:00,2019-01-02 18:51:01-05:00,,,,,Dry,3,3,0,0,0,0,0,0,0,0
event_92,segment_638,accident,2019-01-02 19:12:21-05:00,2019-01-02 20:32:16-05:00,No Percipitation,0,62,60,2019-01-02 19:12:42-05:00,,9,5,0,4,Dry,1,1,0,0,0,0,0,0,0,0
event_93,segment_434,accident,2019-01-02 19:19:54-05:00,2019-01-02 19:46:04-05:00,No Percipitation,0,66,65,2019-01-02 19:27:35-05:00,2019-01-02 19:20:13-05:00,,,,,Dry,2,2,0,0,0,0,0,0,0,0
event_94,segment_666,accident,2019-01-02 19:40:06-05:00,2019-01-02 21:48:07-05:00,No Percipitation,0,65,60,2019-01-02 19:50:05-05:00,2019-01-02 19:42:00-05:00,14,7,0,7,Dry,2,2,0,0,0,0,0,0,0,0
event_95,segment_421,accident,2019-01-02 21:40:52-05:00,2019-01-02 23:20:25-05:00,No Percipitation,0,61,60,2019-01-02 21:44:47-05:00,2019-01-02 21:42:57-05:00,19,17,2,0,Dry,0,0,0,0,0,0,0,0,0,0
event_96,segment_905,accident,2019-01-02 23:54:35-05:00,2019-01-03 00:40:41-05:00,No Percipitation,0,59,59,2019-01-03 00:07:02-05:00,2019-01-02 23:57:36-05:00,19,12,0,7,Dry,5,4,1,0,0,0,0,0,0,0
event_97,segment_926,accident,2019-01-03 00:26:06-05:00,2019-01-03 01:07:50-05:00,No Percipitation,0,32,61,2019-01-03 00:26:27-05:00,2019-01-03 00:26:06-05:00,14,12,2,0,Dry,2,1,1,0,0,0,0,0,0,0
event_98,segment_401,injury accident,2019-01-03 01:02:05-05:00,2019-01-03 02:28:05-05:00,No Percipitation,0,68,65,2019-01-03 01:03:42-05:00,,11,8,3,0,Dry,2,1,1,0,0,0,0,0,1,0
event_99,segment_903,accident,2019-01-03 04:50:15-05:00,2019-01-03 05:30:05-05:00,No Percipitation,0,56,59,2019-01-03 05:10:56-05:00,2019-01-03 05:00:00-05:00,11,9,2,0,Dry,0,0,0,0,0,0,0,0,0,0
event_100,segment_96,injury accident,2019-01-03 05:10:39-05:00,2019-01-03 05:21:30-05:00,No Percipitation,0,57,48,2019-01-03 05:20:49-05:00,2019-01-03 05:11:12-05:00,6,1,0,5,Dry,0,0,0,0,0,0,0,0,0,0
event_101,segment_972,accident,2019-01-03 05:29:50-05:00,2019-01-03 06:11:04-05:00,No Percipitation,0,61,60,2019-01-03 05:30:30-05:00,,9,8,1,0,Dry,2,2,0,0,0,0,0,0,0,0
event_102,segment_987,accident,2019-01-03 05:43:11-05:00,2019-01-03 06:03:43-05:00,No Percipitation,0,60,57,2019-01-03 05:45:04-05:00,2019-01-03 05:43:40-05:00,7,6,1,0,Unspecified,2,1,1,0,0,0,0,0,0,0
event_103,segment_1056,serious accident,2019-01-03 06:45:05-05:00,2019-01-03 12:08:12-05:00,No Percipitation,0,70,65,2019-01-03 07:04:37-05:00,2019-01-03 06:46:56-05:00,9,1,0,8,Dry,3,1,1,0,0,0,0,0,0,0
event_104,segment_261,accident,2019-01-03 07:04:03-05:00,2019-01-03 07:33:03-05:00,No Percipitation,0,64,65,2019-01-03 07:04:52-05:00,,12,7,0,5,Dry,3,3,0,0,0,0,0,0,0,0
event_105,segment_369,accident,2019-01-03 07:09:41-05:00,2019-01-03 07:55:07-05:00,No Percipitation,0,31,56,2019-01-03 07:11:29-05:00,,4,2,2,0,Dry,2,1,1,0,0,0,0,0,0,0
event_106,segment_2103,accident,2019-01-03 07:21:47-05:00,2019-01-03 18:08:13-05:00,No Percipitation,0,48,50,2019-01-03 07:22:22-05:00,,9,7,2,0,Dry,1,0,1,0,0,0,0,1,0,0
event_107,segment_1733,accident,2019-01-03 07:37:43-05:00,2019-01-03 08:40:33-05:00,No Percipitation,0,6,46,2019-01-03 07:37:57-05:00,2019-01-03 07:37:43-05:00,11,6,0,5,Dry,2,2,0,0,0,0,0,0,0,0
event_108,segment_1376,accident,2019-01-03 07:46:00-05:00,2019-01-03 08:31:39-05:00,No Percipitation,0,45,46,2019-01-03 07:47:22-05:00,2019-01-03 07:46:00-05:00,6,1,0,5,Dry,2,2,0,0,0,0,0,0,0,0
event_109,segment_1811,accident,2019-01-03 10:34:31-05:00,2019-01-03 13:42:06-05:00,No Percipitation,0,33,43,2019-01-03 10:35:53-05:00,,5,1,0,4,Dry,2,1,1,0,0,0,0,0,0,0
event_110,segment_434,accident,2019-01-03 12:13:23-05:00,2019-01-03 12:54:24-05:00,No Percipitation,0,70,65,2019-01-03 12:15:36-05:00,,13,11,2,0,Dry,3,3,0,0,0,0,0,0,0,0
event_111,segment_909,accident,2019-01-03 12:24:35-05:00,2019-01-03 14:17:54-05:00,No Percipitation,0,49,57,2019-01-03 12:43:02-05:00,2019-01-03 12:25:02-05:00,13,11,0,2,Dry,1,1,0,0,0,0,0,0,0,0
event_112,segment_434,accident,2019-01-03 13:08:07-05:00,2019-01-03 13:37:31-05:00,No Percipitation,0,22,65,2019-01-03 13:08:25-05:00,,13,12,1,0,Dry,2,2,0,0,0,0,0,0,0,0
event_113,segment_505,accident,2019-01-03 14:25:14-05:00,2019-01-03 14:47:03-05:00,No Percipitation,0,45,43,2019-01-03 14:27:35-05:00,,20,6,0,14,Unspecified,2,1,0,0,0,0,0,0,0,0
event_114,segment_1907,accident,2019-01-03 14:25:47-05:00,2019-01-03 15:11:52-05:00,No Percipitation,0,47,43,2019-01-03 14:26:20-05:00,2019-01-03 14:25:47-05:00,2,0,0,2,Dry,1,1,0,0,0,0,0,1,0,0
event_115,segment_1887,accident,2019-01-03 14:41:30-05:00,2019-01-03 20:38:17-05:00,No Percipitation,0,31,32,2019-01-03 15:10:39-05:00,2019-01-03 14:41:58-05:00,9,1,0,8,Dry,1,1,0,0,0,0,0,0,0,0
event_116,segment_1116,accident,2019-01-03 15:25:52-05:00,2019-01-03 15:38:24-05:00,No Percipitation,0,28,54,2019-01-03 15:30:49-05:00,2019-01-03 15:26:21-05:00,6,4,2,0,Dry,2,2,0,0,0,0,0,0,0,0
event_117,segment_567,accident,2019-01-03 15:32:49-05:00,2019-01-03 16:08:05-05:00,No Percipitation,0,69,66,2019-01-03 15:32:55-05:00,2019-01-03 15:32:49-05:00,11,10,1,0,Dry,2,2,0,0,0,0,0,0,0,0
event_118,segment_547,accident,2019-01-03 15:52:06-05:00,2019-01-03 16:14:12-05:00,No Percipitation,0,63,60,2019-01-03 16:00:17-05:00,2019-01-03 15:56:09-05:00,15,8,0,7,Dry,2,2,0,0,0,0,0,0,0,0
event_119,segment_806,accident,2019-01-03 16:12:30-05:00,2019-01-03 16:34:11-05:00,No Percipitation,0,31,62,2019-01-03 16:22:29-05:00,2019-01-03 16:12:55-05:00,13,7,0,6,Dry,2,2,0,0,0,0,0,0,0,0
event_120,segment_468,accident,2019-01-03 16:29:24-05:00,2019-01-03 16:37:44-05:00,No Percipitation,0,61,55,2019-01-03 16:35:36-05:00,2019-01-03 16:29:32-05:00,7,4,0,3,Unspecified,2,1,0,0,0,0,0,0,0,0
event_121,segment_743,accident,2019-01-03 17:21:08-05:00,2019-01-03 17:36:18-05:00,No Percipitation,0,56,58,2019-01-03 17:24:34-05:00,2019-01-03 17:21:22-05:00,15,6,0,9,Dry,1,1,0,0,0,0,0,0,0,0
event_122,segment_70,injury accident,2019-01-03 17:32:24-05:00,2019-01-03 18:27:04-05:00,No Percipitation,0,69,66,2019-01-03 17:45:21-05:00,2019-01-03 17:32:50-05:00,10,6,0,4,Dry,1,1,0,0,0,0,0,1,0,0
event_123,segment_534,accident,2019-01-03 17:58:16-05:00,2019-01-03 17:59:52-05:00,No Percipitation,0,,,2019-01-03 17:59:46-05:00,2019-01-03 17:59:46-05:00,,,,,Dry,0,0,0,0,0,0,0,0,0,0
event_124,segment_417,accident,2019-01-03 17:59:27-05:00,2019-01-03 18:17:45-05:00,No Percipitation,0,21,65,2019-01-03 18:00:14-05:00,,14,13,1,0,Dry,3,3,0,0,0,0,0,0,0,0
event_125,segment_524,accident,2019-01-03 18:00:22-05:00,2019-01-03 18:12:17-05:00,No Percipitation,0,,,2019-01-03 18:11:48-05:00,2019-01-03 18:00:31-05:00,13,5,0,8,Dry,0,0,0,0,0,0,0,0,0,0
event_126,segment_230,accident,2019-01-03 18:06:59-05:00,2019-01-03 19:11:34-05:00,No Percipitation,0,24,59,2019-01-03 18:09:57-05:00,2019-01-03 18:06:59-05:00,15,14,1,0,Dry,3,3,0,0,0,0,0,0,0,0
event_127,segment_596,accident,2019-01-03 18:17:55-05:00,2019-01-03 18:39:45-05:00,No Percipitation,0,59,63,2019-01-03 18:28:33-05:00,2019-01-03 18:18:08-05:00,10,5,0,5,Dry,4,4,0,0,0,0,0,0,0,0
event_128,segment_433,injury accident,2019-01-03 18:22:48-05:00,2019-01-03 21:14:20-05:00,No Percipitation,0,67,66,2019-01-03 18:28:16-05:00,2019-01-03 18:23:03-05:00,12,6,0,6,Dry,2,1,0,0,0,0,0,0,0,0
event_129,segment_692,accident,2019-01-03 18:40:47-05:00,2019-01-03 18:41:32-05:00,No Percipitation,0,52,60,2019-01-03 18:41:15-05:00,2019-01-03 18:40:47-05:00,15,14,1,0,Dry,2,2,0,0,0,0,0,0,0,0
event_130,segment_639,accident,2019-01-03 18:47:33-05:00,2019-01-03 18:48:52-05:00,No Percipitation,0,25,60,2019-01-03 18:48:10-05:00,2019-01-03 18:47:33-05:00,9,8,1,0,Dry,2,2,0,0,0,0,0,0,0,0
event_131,segment_1693,accident,2019-01-03 18:59:16-05:00,2019-01-03 19:27:17-05:00,No Percipitation,0,46,56,2019-01-03 19:10:21-05:00,2019-01-03 18:59:16-05:00,,,,,Dry,2,2,0,0,0,0,0,0,0,0
event_132,segment_671,accident,2019-01-03 20:32:23-05:00,2019-01-03 20:41:50-05:00,No Percipitation,0,55,56,2019-01-03 20:40:57-05:00,2019-01-03 20:33:54-05:00,17,16,1,0,Dry,1,0,0,1,0,0,0,0,0,0
event_133,segment_434,accident,2019-01-03 21:49:46-05:00,2019-01-03 22:13:34-05:00,No Percipitation,0,66,65,2019-01-03 21:55:22-05:00,2019-01-03 21:45:00-05:00,13,7,0,6,Dry,2,2,0,0,0,0,0,0,0,0
event_134,segment_1191,accident,2019-01-03 23:52:59-05:00,2019-01-04 03:55:06-05:00,No Percipitation,0,28,28,2019-01-03 23:53:49-05:00,,7,1,6,0,Dry,1,1,0,0,0,0,0,1,0,0
event_135,segment_1580,accident,2019-01-04 04:59:05-05:00,2019-01-04 12:10:24-05:00,No Percipitation,0,45,45,2019-01-04 05:02:21-05:00,,5,1,4,0,Dry,1,0,1,0,0,0,0,0,0,1
event_136,segment_253,accident,2019-01-04 05:01:58-05:00,2019-01-04 06:34:21-05:00,No Percipitation,0,72,65,2019-01-04 05:14:43-05:00,2019-01-04 05:02:16-05:00,15,8,0,7,Dry,1,1,0,0,0,0,0,0,0,0
event_137,segment_335,accident,2019-01-04 05:38:09-05:00,2019-01-04 06:02:32-05:00,No Percipitation,0,66,64,2019-01-04 05:38:32-05:00,2019-01-04 05:38:09-05:00,13,11,2,0,Dry,2,1,0,0,0,0,0,0,0,0
event_138,segment_530,injury accident,2019-01-04 06:22:22-05:00,2019-01-04 07:37:50-05:00,No Percipitation,0,68,63,2019-01-04 06:13:47-05:00,2019-01-04 06:04:51-05:00,17,14,3,0,Dry,1,1,0,0,0,0,0,0,0,0
event_139,segment_1951,accident,2019-01-04 06:22:32-05:00,2019-01-04 08:01:08-05:00,No Percipitation,0,44,43,2019-01-04 06:23:21-05:00,,5,1,4,0,Dry,0,0,0,0,0,0,0,0,0,0
event_140,segment_920,injury accident,2019-01-04 06:27:04-05:00,2019-01-04 15:43:50-05:00,No Percipitation,0,58,62,2019-01-04 06:35:37-05:00,,18,10,0,8,Dry,1,0,1,0,0,0,0,1,0,0
event_141,segment_857,injury accident,2019-01-04 06:43:04-05:00,2019-01-04 07:00:27-05:00,No Percipitation,0,28,57,2019-01-04 06:45:25-05:00,,13,10,3,0,Dry,1,1,0,0,0,0,0,0,0,0
event_142,segment_665,accident,2019-01-04 06:52:54-05:00,2019-01-04 07:31:30-05:00,No Percipitation,0,60,60,2019-01-04 07:31:16-05:00,2019-01-04 06:53:05-05:00,15,7,0,8,Dry,2,2,0,0,0,0,0,0,0,0
event_143,segment_888,accident,2019-01-04 06:56:19-05:00,2019-01-04 07:00:39-05:00,No Percipitation,0,29,59,2019-01-04 06:56:28-05:00,2019-01-04 06:56:19-05:00,14,13,1,0,Dry,3,2,1,0,0,0,0,0,0,0
event_144,segment_1484,injury accident,2019-01-04 07:06:56-05:00,2019-01-04 07:48:08-05:00,No Percipitation,0,35,43,2019-01-04 07:10:00-05:00,,6,1,0,5,Dry,1,0,1,0,0,0,0,1,0,0
event_145,segment_2039,accident,2019-01-04 07:09:16-05:00,2019-01-04 07:28:19-05:00,No Percipitation,0,66,67,2019-01-04 07:28:14-05:00,2019-01-04 07:09:29-05:00,25,13,0,12,Unspecified,0,0,0,0,0,0,0,0,0,0
event_146,segment_1776,accident,2019-01-04 07:26:17-05:00,2019-01-04 08:11:02-05:00,No Percipitation,0,18,28,2019-01-04 07:38:40-05:00,2019-01-04 07:30:27-05:00,6,4,0,2,Dry,0,0,0,0,0,0,0,0,0,0
event_147,segment_463,accident,2019-01-04 07:33:59-05:00,2019-01-04 08:06:50-05:00,No Percipitation,0,30,53,2019-01-04 07:34:48-05:00,2019-01-04 07:34:25-05:00,12,7,0,5,Unspecified,2,1,1,0,0,0,0,0,0,0
event_148,segment_737,accident,2019-01-04 07:34:12-05:00,2019-01-04 07:37:22-05:00,No Percipitation,0,12,45,2019-01-04 07:37:07-05:00,2019-01-04 07:34:22-05:00,9,5,0,4,Dry,1,1,0,0,0,0,0,0,0,0
event_149,segment_813,accident,2019-01-04 08:05:34-05:00,2019-01-04 08:20:28-05:00,No Percipitation,0,28,59,2019-01-04 08:05:53-05:00,2019-01-04 08:05:34-05:00,14,13,1,0,Dry,2,2,0,0,0,0,0,0,0,0
event_150,segment_190,accident,2019-01-04 08:16:05-05:00,2019-01-04 08:39:03-05:00,No Percipitation,0,21,64,2019-01-04 08:16:21-05:00,,15,14,1,0,Dry,2,1,1,0,0,0,0,0,0,0
event_151,segment_100,injury accident,2019-01-04 08:54:37-05:00,2019-01-04 09:39:30-05:00,No Percipitation,0,63,63,2019-01-04 08:58:51-05:00,2019-01-04 08:55:34-05:00,9,5,0,4,Dry,2,2,0,0,0,0,0,0,0,0
event_152,segment_717,accident,2019-01-04 08:59:55-05:00,2019-01-04 09:51:00-05:00,No Percipitation,0,60,58,2019-01-04 09:00:08-05:00,2019-01-04 09:00:02-05:00,10,5,0,5,Dry,1,1,0,0,0,0,0,0,0,0
event_153,segment_427,accident,2019-01-04 08:59:59-05:00,2019-01-04 09:11:40-05:00,No Percipitation,0,33,48,2019-01-04 09:01:41-05:00,,11,10,1,0,Dry,2,1,1,0,0,0,0,0,0,0
event_154,segment_441,accident,2019-01-04 09:15:47-05:00,2019-01-04 09:16:36-05:00,No Percipitation,0,70,62,2019-01-04 09:15:51-05:00,2019-01-04 09:15:47-05:00,15,14,1,0,Dry,1,0,1,0,0,0,0,0,0,0
event_155,segment_100,accident,2019-01-04 09:19:26-05:00,2019-01-04 09:30:41-05:00,No Percipitation,0,44,63,2019-01-04 09:29:16-05:00,2019-01-04 09:19:26-05:00,9,5,0,4,Dry,0,0,0,0,0,0,0,0,0,0
event_156,segment_441,accident,2019-01-04 09:35:50-05:00,2019-01-04 09:54:44-05:00,No Percipitation,0,71,62,2019-01-04 09:15:51-05:00,2019-01-04 09:15:47-05:00,15,14,1,0,Dry,0,0,0,0,0,0,0,0,0,0
event_157,segment_413,accident,2019-01-04 10:02:39-05:00,2019-01-04 11:18:07-05:00,No Percipitation,0,50,64,2019-01-04 10:21:20-05:00,2019-01-04 10:02:51-05:00,14,8,0,6,Dry,1,1,0,0,0,0,0,0,0,0
event_158,segment_421,accident,2019-01-04 10:50:29-05:00,2019-01-04 10:58:34-05:00,No Percipitation,0,67,60,2019-01-04 10:50:44-05:00,,13,7,0,6,Dry,0,0,0,0,0,0,0,0,0,0
event_159,segment_963,accident,2019-01-04 12:23:23-05:00,2019-01-04 12:40:17-05:00,No Percipitation,0,,,2019-01-04 12:31:38-05:00,2019-01-04 12:23:43-05:00,5,4,1,0,Dry,2,2,0,0,0,0,0,0,0,0
event_160,segment_549,injury accident,2019-01-04 12:26:18-05:00,2019-01-04 15:12:37-05:00,No Percipitation,0,69,64,2019-01-04 12:28:14-05:00,,9,5,4,0,Dry,2,2,0,0,0,0,0,2,0,0
event_161,segment_537,accident,2019-01-04 13:23:31-05:00,2019-01-04 13:27:55-05:00,No Percipitation,0,65,65,2019-01-04 13:23:37-05:00,2019-01-04 13:23:31-05:00,13,11,2,0,Dry,1,1,0,0,0,0,0,0,0,0
event_162,segment_963,accident,2019-01-04 13:52:02-05:00,2019-01-04 14:16:16-05:00,No Percipitation,0,45,49,2019-01-04 13:57:20-05:00,2019-01-04 13:52:47-05:00,5,3,0,2,Dry,3,3,0,0,0,0,0,0,0,0
event_163,segment_845,accident,2019-01-04 13:58:00-05:00,2019-01-04 14:01:19-05:00,No Percipitation,0,58,58,2019-01-04 14:00:58-05:00,,,,,,Dry,0,0,0,0,0,0,0,0,0,0
event_164,segment_72,injury accident,2019-01-04 14:29:41-05:00,2019-01-04 15:28:01-05:00,No Percipitation,0,67,67,2019-01-04 14:30:45-05:00,,11,6,0,5,Dry,1,1,0,0,0,0,0,0,0,0
event_165,segment_93,injury accident,2019-01-04 14:52:01-05:00,2019-01-04 16:02:32-05:00,No Percipitation,0,59,58,2019-01-04 14:56:37-05:00,2019-01-04 14:54:06-05:00,10,6,0,4,Dry,1,1,0,0,0,0,0,1,0,0
event_166,segment_617,accident,2019-01-04 15:55:07-05:00,2019-01-04 17:10:08-05:00,No Percipitation,0,36,59,2019-01-04 15:55:56-05:00,2019-01-04 15:55:07-05:00,10,9,1,0,Dry,1,0,1,0,0,0,0,0,0,0
event_167,segment_79,accident,2019-01-04 16:25:33-05:00,2019-01-04 16:52:58-05:00,No Percipitation,0,26,64,2019-01-04 16:26:33-05:00,2019-01-04 16:26:31-05:00,12,6,0,6,Dry,2,1,0,0,0,0,0,0,0,0
event_168,segment_497,injury accident,2019-01-04 16:47:43-05:00,2019-01-04 18:01:15-05:00,No Percipitation,0,27,61,2019-01-04 16:55:46-05:00,2019-01-04 16:48:27-05:00,14,13,1,0,Dry,3,3,0,0,0,0,0,0,0,0
event_169,segment_644,accident,2019-01-04 17:14:56-05:00,2019-01-04 18:11:27-05:00,No Percipitation,0,47,42,2019-01-04 17:33:21-05:00,2019-01-04 17:15:04-05:00,11,7,0,4,Dry,1,0,1,0,0,0,0,0,0,0
event_170,segment_411,accident,2019-01-04 17:24:54-05:00,2019-01-04 17:36:46-05:00,No Percipitation,0,22,59,2019-01-04 17:36:25-05:00,2019-01-04 17:25:05-05:00,,,,,Dry,0,0,0,0,0,0,0,0,0,0
event_171,segment_603,accident,2019-01-04 17:29:20-05:00,2019-01-04 17:38:42-05:00,No Percipitation,0,23,56,2019-01-04 17:30:38-05:00,,15,14,1,0,Dry,2,2,0,0,0,0,0,0,0,0
event_172,segment_419,accident,2019-01-04 17:40:47-05:00,2019-01-04 17:55:43-05:00,No Percipitation,0,58,64,2019-01-04 17:40:53-05:00,2019-01-04 17:40:47-05:00,13,12,1,0,Dry,2,2,0,0,0,0,0,0,0,0
event_173,segment_647,accident,2019-01-04 17:49:38-05:00,2019-01-04 18:48:30-05:00,No Percipitation,0,42,51,2019-01-04 17:50:26-05:00,,9,8,1,0,Dry,3,3,0,0,0,0,0,0,0,0
event_174,segment_1640,injury accident,2019-01-04 17:50:20-05:00,2019-01-04 18:17:57-05:00,No Percipitation,0,39,43,2019-01-04 17:57:03-05:00,2019-01-04 17:51:30-05:00,6,1,0,5,Dry,2,1,0,0,0,1,0,0,0,0
event_175,segment_40,accident,2019-01-04 18:01:25-05:00,2019-01-04 18:27:20-05:00,No Percipitation,0,41,63,2019-01-04 18:03:41-05:00,,9,5,0,4,Dry,2,2,0,0,0,0,0,0,0,0
event_176,segment_40,accident,2019-01-04 18:11:37-05:00,2019-01-04 18:47:34-05:00,No Percipitation,0,25,63,2019-01-04 18:29:16-05:00,2019-01-04 18:12:03-05:00,9,5,0,4,Dry,3,3,0,0,0,0,0,0,0,0
event_177,segment_1693,accident,2019-01-04 18:26:04-05:00,2019-01-04 19:10:14-05:00,No Percipitation,0,48,56,2019-01-04 18:28:13-05:00,,13,7,0,6,Dry,2,2,0,0,0,0,0,0,0,0
event_178,segment_459,accident,2019-01-04 18:36:46-05:00,2019-01-04 19:17:45-05:00,No Percipitation,0,24,62,2019-01-04 18:33:11-05:00,2019-01-04 18:32:27-05:00,13,12,1,0,Dry,1,1,0,0,0,0,0,0,0,0
event_179,segment_427,injury accident,2019-01-04 18:38:06-05:00,2019-01-04 19:20:28-05:00,No Percipitation,0,43,48,2019-01-04 18:38:13-05:00,,11,9,2,0,Dry,2,2,0,0,0,0,0,1,0,0
event_180,segment_743,accident,2019-01-04 18:40:13-05:00,2019-01-04 19:30:34-05:00,No Percipitation,0,53,58,2019-01-04 18:54:15-05:00,2019-01-04 18:40:40-05:00,16,6,0,10,Dry,3,3,0,0,0,0,0,0,0,0
event_181,segment_407,accident,2019-01-04 19:00:33-05:00,2019-01-04 20:15:50-05:00,No Percipitation,0,39,41,2019-01-04 19:05:00-05:00,2019-01-04 19:01:07-05:00,24,23,1,0,Dry,2,2,0,0,0,0,0,0,0,0
event_182,segment_971,accident,2019-01-04 19:48:38-05:00,2019-01-04 20:20:05-05:00,No Percipitation,0,57,54,2019-01-04 19:48:45-05:00,,19,18,1,0,Dry,1,1,0,0,0,0,0,0,0,0
event_183,segment_1433,accident,2019-01-04 21:06:02-05:00,2019-01-04 21:19:27-05:00,No Percipitation,0,16,24,2019-01-04 21:07:02-05:00,,17,16,0,1,Wet,1,1,0,0,0,0,0,0,0,0
event_184,segment_446,accident,2019-01-04 21:22:42-05:00,2019-01-04 21:49:38-05:00,No Percipitation,0.4,66,64,2019-01-04 21:39:37-05:00,,15,13,0,2,Wet,1,1,0,0,0,0,0,0,0,0
event_185,segment_690,injury accident,2019-01-04 22:39:30-05:00,2019-01-04 23:10:32-05:00,Rain,0.54,64,62,2019-01-04 22:39:55-05:00,2019-01-04 22:39:30-05:00,15,13,2,0,Dry,2,2,0,0,0,0,0,0,0,0
event_186,segment_981,accident,2019-01-04 22:45:29-05:00,2019-01-04 23:23:42-05:00,No Percipitation,0,50,50,2019-01-04 22:47:32-05:00,,5,3,0,2,Wet,2,2,0,0,0,0,0,0,0,0
event_187,segment_220,accident,2019-01-05 00:21:25-05:00,2019-01-05 01:32:46-05:00,No Percipitation,0,49,51,2019-01-05 00:44:48-05:00,2019-01-05 00:22:21-05:00,14,7,0,7,Wet,4,4,0,0,0,0,0,0,0,0
event_188,segment_307,accident,2019-01-05 01:29:33-05:00,2019-01-05 01:33:30-05:00,No Percipitation,0,65,63,2019-01-05 01:29:52-05:00,,,,,,Wet,0,0,0,0,0,0,0,0,0,0
event_189,segment_1746,accident,2019-01-05 03:34:06-05:00,2019-01-05 08:23:32-05:00,No Percipitation,0,44,44,2019-01-05 03:34:42-05:00,,5,1,4,0,Wet,2,0,2,0,0,0,0,0,0,0
event_190,segment_903,accident,2019-01-05 06:10:07-05:00,2019-01-05 06:54:56-05:00,No Percipitation,0,58,59,2019-01-05 06:17:38-05:00,,11,6,0,5,Wet,1,1,0,0,0,0,0,0,0,0
event_191,segment_995,accident,2019-01-05 07:13:12-05:00,2019-01-05 07:16:58-05:00,No Percipitation,0,64,57,,2019-01-05 07:14:05-05:00,7,4,0,3,Wet,2,1,1,0,0,0,0,0,0,0
event_192,segment_1217,accident,2019-01-05 07:44:56-05:00,2019-01-05 08:08:46-05:00,No Percipitation,0,41,44,2019-01-05 07:45:17-05:00,,12,7,5,0,Dry,0,0,0,0,0,0,0,0,0,0
event_193,segment_1913,accident,2019-01-05 07:45:17-05:00,2019-01-05 07:49:14-05:00,No Percipitation,0,19,25,2019-01-05 07:45:45-05:00,,12,11,1,0,Wet,1,1,0,0,0,0,0,0,0,0
event_194,segment_607,accident,2019-01-05 08:32:31-05:00,2019-01-05 09:06:13-05:00,No Percipitation,0,66,62,2019-01-05 08:56:17-05:00,2019-01-05 08:32:45-05:00,11,6,0,5,Wet,1,1,0,0,0,0,0,0,0,0
event_195,segment_1724,accident,2019-01-05 08:37:06-05:00,2019-01-05 10:05:21-05:00,No Percipitation,0,52,53,2019-01-05 09:07:43-05:00,2019-01-05 08:37:13-05:00,11,9,0,2,Wet,1,0,1,0,0,0,0,0,0,0
event_196,segment_1433,accident,2019-01-05 08:53:46-05:00,2019-01-05 09:57:02-05:00,No Percipitation,0,19,24,2019-01-05 09:01:37-05:00,2019-01-05 08:53:53-05:00,15,14,0,1,Wet,1,1,0,0,0,0,0,0,0,0
event_197,segment_413,accident,2019-01-05 09:18:15-05:00,2019-01-05 09:58:16-05:00,No Percipitation,0,59,64,2019-01-05 09:27:55-05:00,2019-01-05 09:18:44-05:00,14,8,0,6,Wet,1,0,1,0,0,0,0,0,0,0
event_198,segment_936,accident,2019-01-05 09:44:44-05:00,2019-01-05 09:55:53-05:00,No Percipitation,0,68,62,2019-01-05 09:45:10-05:00,2019-01-05 09:44:44-05:00,13,12,1,0,Wet,1,1,0,0,0,0,0,0,0,0
event_199,segment_10,accident,2019-01-05 10:02:50-05:00,2019-01-05 10:51:00-05:00,No Percipitation,0,64,63,2019-01-05 10:23:23-05:00,,19,18,1,0,Wet,3,3,0,0,0,0,0,0,0,0
event_200,segment_684,accident,2019-01-05 10:11:15-05:00,2019-01-05 10:11:53-05:00,No Percipitation,0,66,61,2019-01-05 10:11:42-05:00,2019-01-05 10:11:31-05:00,13,7,0,6,Dry,1,1,0,0,0,0,0,0,0,0
event_201,segment_1915,injury accident,2019-01-05 10:29:53-05:00,2019-01-05 11:05:26-05:00,No Percipitation,0,13,17,2019-01-05 10:30:13-05:00,2019-01-05 10:29:53-05:00,10,4,0,6,Wet,1,1,0,0,0,0,0,0,0,0
event_202,segment_70,accident,2019-01-05 10:31:38-05:00,2019-01-05 11:35:15-05:00,No Percipitation,0,67,66,2019-01-05 10:39:53-05:00,2019-01-05 10:31:38-05:00,9,8,1,0,Wet,1,1,0,0,0,0,0,0,0,0
event_203,segment_758,accident,2019-01-05 11:06:16-05:00,2019-01-05 13:03:55-05:00,No Percipitation,0,57,53,2019-01-05 11:11:10-05:00,2019-01-05 11:06:32-05:00,12,7,0,5,Unspecified,1,0,1,0,0,0,0,0,0,0
event_204,segment_320,accident,2019-01-05 11:08:55-05:00,2019-01-05 11:34:56-05:00,No Percipitation,0,61,63,2019-01-05 11:09:21-05:00,,14,13,1,0,Dry,2,1,1,0,0,0,0,0,0,0
event_205,segment_177,accident,2019-01-05 11:09:35-05:00,2019-01-05 12:03:58-05:00,Rain,0.48,60,61,2019-01-05 11:10:06-05:00,,9,5,4,0,Wet,3,3,0,0,0,0,0,0,0,0
event_206,segment_2091,accident,2019-01-05 11:27:32-05:00,2019-01-05 11:43:58-05:00,No Percipitation,0,33,40,2019-01-05 11:30:02-05:00,2019-01-05 11:27:41-05:00,24,12,0,12,Wet,2,2,0,0,0,0,0,0,0,0
event_207,segment_1361,injury accident,2019-01-05 11:31:21-05:00,2019-01-05 11:34:08-05:00,No Percipitation,0,49,54,2019-01-05 11:31:51-05:00,2019-01-05 11:31:21-05:00,13,12,1,0,Dry,1,1,0,0,0,0,0,0,0,0
event_208,segment_704,accident,2019-01-05 12:39:57-05:00,2019-01-05 12:45:33-05:00,Rain,0.85,56,60,,2019-01-05 12:40:06-05:00,13,7,0,6,Dry,0,0,0,0,0,0,0,0,0,0
event_209,segment_756,accident,2019-01-05 13:10:49-05:00,2019-01-05 14:12:34-05:00,No Percipitation,0,56,57,2019-01-05 13:13:39-05:00,2019-01-05 13:11:12-05:00,13,6,0,7,Wet,1,1,0,0,0,0,0,0,0,0
event_210,segment_756,accident,2019-01-05 14:05:52-05:00,2019-01-05 14:12:50-05:00,No Percipitation,0,61,57,2019-01-05 13:13:39-05:00,2019-01-05 13:11:12-05:00,13,11,2,0,Unspecified,2,2,0,0,0,0,0,0,0,0
event_211,segment_2049,accident,2019-01-05 14:12:16-05:00,2019-01-05 14:20:46-05:00,No Percipitation,0,10,25,2019-01-05 14:12:25-05:00,2019-01-05 14:12:16-05:00,5,4,1,0,Wet,1,1,0,0,0,0,0,0,0,0
event_212,segment_1790,injury accident,2019-01-05 14:22:05-05:00,2019-01-05 14:45:19-05:00,No Percipitation,0,45,40,2019-01-05 14:21:48-05:00,2019-01-05 14:21:45-05:00,5,1,4,0,Wet,3,3,0,0,0,0,0,0,0,0
event_213,segment_757,accident,2019-01-05 14:31:46-05:00,2019-01-05 14:56:04-05:00,Rain,0.92,58,56,2019-01-05 14:32:28-05:00,,12,10,2,0,Unspecified,1,1,0,0,0,0,0,0,0,0
event_214,segment_873,accident,2019-01-05 15:37:42-05:00,2019-01-05 16:02:32-05:00,No Percipitation,0,64,61,2019-01-05 15:42:05-05:00,,13,11,0,2,Wet,2,2,0,0,0,0,0,0,0,0
event_215,segment_76,accident,2019-01-05 15:44:49-05:00,2019-01-05 16:32:48-05:00,No Percipitation,0,65,61,2019-01-05 15:50:03-05:00,2019-01-05 15:44:49-05:00,10,6,0,4,Wet,1,1,0,0,0,0,0,0,0,0
event_216,segment_12,injury accident,2019-01-05 15:45:44-05:00,2019-01-05 16:31:56-05:00,No Percipitation,0,71,63,2019-01-05 15:52:45-05:00,,15,14,0,1,Dry,1,1,0,0,0,0,0,1,0,0
event_217,segment_780,injury accident,2019-01-05 15:46:50-05:00,2019-01-05 16:30:26-05:00,No Percipitation,0,58,59,2019-01-05 15:51:37-05:00,2019-01-05 15:47:20-05:00,14,7,0,7,Wet,3,3,0,0,0,0,0,0,0,0
event_218,segment_1615,accident,2019-01-05 16:18:26-05:00,2019-01-05 16:50:09-05:00,No Percipitation,0,12,31,2019-01-05 16:21:13-05:00,,22,20,1,1,Dry,1,0,1,0,0,0,0,0,0,0
event_219,segment_748,accident,2019-01-05 16:45:28-05:00,2019-01-05 16:50:14-05:00,No Percipitation,0,55,59,2019-01-05 16:45:21-05:00,2019-01-05 16:35:56-05:00,12,10,2,0,Dry,1,1,0,0,0,0,0,0,0,0
event_220,segment_296,accident,2019-01-05 16:59:08-05:00,2019-01-05 18:08:22-05:00,No Percipitation,0,27,57,2019-01-05 17:16:58-05:00,,6,1,5,0,Dry,2,2,0,0,0,0,0,0,0,0
event_221,segment_489,accident,2019-01-05 17:48:43-05:00,2019-01-05 18:56:34-05:00,No Percipitation,0,68,65,2019-01-05 17:48:59-05:00,2019-01-05 17:48:57-05:00,11,10,1,0,Wet,2,2,0,0,0,0,0,0,0,0
event_222,segment_1686,accident,2019-01-05 17:59:49-05:00,2019-01-05 18:38:05-05:00,No Percipitation,0,58,56,2019-01-05 18:24:23-05:00,2019-01-05 18:00:28-05:00,19,16,0,3,Dry,4,4,0,0,0,0,0,0,0,0
event_223,segment_886,accident,2019-01-05 18:24:56-05:00,2019-01-05 19:20:09-05:00,No Percipitation,0,57,59,2019-01-05 18:30:50-05:00,2019-01-05 18:26:01-05:00,22,20,2,0,Dry,2,2,0,0,0,0,0,0,0,0
event_224,segment_697,accident,2019-01-05 19:41:56-05:00,2019-01-05 19:58:22-05:00,No Percipitation,0,55,57,2019-01-05 19:57:05-05:00,,14,8,0,6,Dry,3,3,0,0,0,0,0,0,0,0
event_225,segment_787,accident,2019-01-05 20:00:40-05:00,2019-01-05 20:01:13-05:00,No Percipitation,0,65,62,2019-01-05 20:01:01-05:00,2019-01-05 20:00:40-05:00,16,15,1,0,Dry,2,1,1,0,0,0,0,0,0,0
event_226,segment_1684,injury accident,2019-01-05 21:17:22-05:00,2019-01-05 22:16:59-05:00,No Percipitation,0,60,54,2019-01-05 21:34:38-05:00,,22,18,4,0,Dry,1,1,0,0,0,0,0,0,0,0
event_227,segment_659,accident,2019-01-05 21:55:26-05:00,2019-01-05 22:21:05-05:00,No Percipitation,0,59,61,2019-01-05 21:55:44-05:00,2019-01-05 21:55:26-05:00,16,14,2,0,Dry,1,1,0,0,0,0,0,0,0,0
event_228,segment_258,accident,2019-01-05 23:26:20-05:00,2019-01-06 00:10:05-05:00,No Percipitation,0,65,66,2019-01-05 23:26:37-05:00,,19,9,0,10,Dry,1,1,0,0,0,0,0,0,0,0
event_229,segment_540,injury accident,2019-01-05 23:41:31-05:00,2019-01-06 01:44:25-05:00,No Percipitation,0,59,61,2019-01-05 23:42:13-05:00,,9,7,2,0,Dry,1,1,0,0,0,0,0,0,0,0
event_230,segment_638,serious accident,2019-01-06 00:07:37-05:00,2019-01-06 04:13:45-05:00,No Percipitation,0,62,60,2019-01-06 00:08:08-05:00,,8,4,0,4,Dry,1,1,0,0,0,0,0,0,0,0
event_231,segment_540,serious accident,2019-01-06 00:08:36-05:00,2019-01-06 03:59:01-05:00,No Percipitation,0,62,61,2019-01-05 23:42:13-05:00,,9,5,4,0,Dry,2,1,0,0,0,0,0,0,0,0
event_232,segment_906,accident,2019-01-06 06:58:37-05:00,2019-01-06 07:02:05-05:00,No Percipitation,0,60,59,2019-01-06 06:59:38-05:00,2019-01-06 06:58:37-05:00,14,7,0,7,Dry,2,2,0,0,0,0,0,0,0,0
event_233,segment_433,accident,2019-01-06 07:46:16-05:00,2019-01-06 08:56:58-05:00,No Percipitation,0,67,66,2019-01-06 07:47:06-05:00,2019-01-06 07:47:05-05:00,,,,,Wet - chemicals,1,1,0,0,0,0,0,0,0,0
event_234,segment_555,injury accident,2019-01-06 08:25:02-05:00,2019-01-06 09:08:21-05:00,No Percipitation,0,69,65,2019-01-06 08:38:38-05:00,2019-01-06 08:25:17-05:00,10,6,0,4,Dry,1,0,1,0,0,0,0,0,0,0
event_235,segment_1449,accident,2019-01-06 08:36:33-05:00,2019-01-06 09:58:18-05:00,No Percipitation,0,42,37,2019-01-06 08:37:31-05:00,,12,11,1,0,Dry,2,1,0,0,0,0,0,0,0,0
event_236,segment_551,accident,2019-01-06 12:08:35-05:00,2019-01-06 12:52:18-05:00,No Percipitation,0,81,65,2019-01-06 12:30:35-05:00,2019-01-06 12:08:43-05:00,11,6,0,5,Dry,2,2,0,0,0,0,0,0,0,0
event_237,segment_1845,injury accident,2019-01-06 12:19:30-05:00,2019-01-06 14:44:18-05:00,No Percipitation,0,45,48,2019-01-06 12:20:49-05:00,,3,1,0,2,Dry,3,3,0,0,0,0,0,0,0,0
event_238,segment_689,injury accident,2019-01-06 12:31:45-05:00,2019-01-06 13:01:35-05:00,No Percipitation,0,67,61,2019-01-06 12:42:41-05:00,,12,6,0,6,Dry,3,3,0,0,0,0,0,0,0,0
event_239,segment_585,accident,2019-01-06 14:08:28-05:00,2019-01-06 14:13:05-05:00,No Percipitation,0,18,65,2019-01-06 14:08:32-05:00,2019-01-06 14:08:28-05:00,9,8,1,0,Dry,2,2,0,0,0,0,0,0,0,0
event_240,segment_697,accident,2019-01-06 14:13:53-05:00,2019-01-06 14:25:39-05:00,No Percipitation,0,72,57,2019-01-06 14:25:35-05:00,2019-01-06 14:14:26-05:00,6,6,0,0,Dry,0,0,0,0,0,0,0,0,0,0
event_241,segment_412,accident,2019-01-06 14:19:49-05:00,2019-01-06 15:10:18-05:00,No Percipitation,0,63,60,2019-01-06 14:20:48-05:00,2019-01-06 14:20:06-05:00,13,7,0,6,Dry,3,1,0,0,0,0,0,0,0,0
event_242,segment_412,accident,2019-01-06 14:38:32-05:00,2019-01-06 15:09:56-05:00,No Percipitation,0,61,60,2019-01-06 14:20:48-05:00,2019-01-06 14:20:06-05:00,13,11,2,0,Dry,2,2,0,0,0,0,0,0,0,0
event_243,segment_1318,serious accident,2019-01-06 16:20:17-05:00,2019-01-06 21:12:55-05:00,No Percipitation,0,25,29,2019-01-06 16:23:48-05:00,,7,4,0,3,Dry,2,1,0,0,0,1,0,0,0,0
event_244,segment_275,accident,2019-01-06 16:32:25-05:00,2019-01-06 17:47:56-05:00,No Percipitation,0,50,41,2019-01-06 16:35:24-05:00,2019-01-06 16:35:23-05:00,17,5,0,12,Dry,1,1,0,0,0,0,0,0,0,0
event_245,segment_788,accident,2019-01-06 16:50:11-05:00,2019-01-06 17:29:19-05:00,No Percipitation,0,66,50,2019-01-06 16:50:40-05:00,2019-01-06 16:50:34-05:00,9,8,1,0,Dry,1,1,0,0,0,0,0,0,0,0
event_246,segment_900,accident,2019-01-06 18:54:04-05:00,2019-01-06 19:06:54-05:00,No Percipitation,0,56,58,2019-01-06 18:54:54-05:00,,13,6,0,7,Dry,2,1,1,0,0,0,0,0,0,0
event_247,segment_424,injury accident,2019-01-07 00:13:09-05:00,2019-01-07 00:50:02-05:00,No Percipitation,0,58,58,2019-01-07 00:16:28-05:00,2019-01-07 00:16:24-05:00,15,8,0,7,Dry,1,1,0,0,0,0,0,0,0,0
event_248,segment_1220,accident,2019-01-07 00:39:36-05:00,2019-01-07 00:54:06-05:00,No Percipitation,0,35,35,2019-01-07 00:39:41-05:00,2019-01-07 00:39:36-05:00,10,9,1,0,Dry,1,1,0,0,0,0,0,0,0,0
event_249,segment_2053,accident,2019-01-07 05:45:28-05:00,2019-01-07 06:34:10-05:00,No Percipitation,0,25,21,2019-01-07 05:58:49-05:00,2019-01-07 05:45:28-05:00,11,10,1,0,Dry,0,0,0,0,0,0,0,0,0,0
event_250,segment_1205,injury accident,2019-01-07 06:08:15-05:00,2019-01-07 07:22:47-05:00,No Percipitation,0,17,38,2019-01-07 06:14:00-05:00,2019-01-07 06:13:57-05:00,12,1,0,11,Dry,3,1,2,0,0,0,0,1,0,0
event_251,segment_2079,serious accident,2019-01-07 06:40:16-05:00,2019-01-07 08:36:55-05:00,No Percipitation,0,14,19,2019-01-07 06:48:19-05:00,,5,1,0,4,Dry,2,1,0,0,0,1,0,0,0,0
event_252,segment_2091,accident,2019-01-07 06:50:52-05:00,2019-01-07 06:52:55-05:00,No Percipitation,0,42,40,2019-01-07 06:51:15-05:00,2019-01-07 06:51:01-05:00,24,12,0,12,Dry,0,0,0,0,0,0,0,0,0,0
event_253,segment_1879,accident,2019-01-07 07:31:47-05:00,2019-01-07 07:56:48-05:00,No Percipitation,0,34,35,2019-01-07 07:39:14-05:00,2019-01-07 07:32:14-05:00,5,3,0,2,Dry,0,0,0,0,0,0,0,0,0,0
event_254,segment_885,injury accident,2019-01-07 07:33:34-05:00,2019-01-07 09:40:08-05:00,No Percipitation,0,24,58,2019-01-07 07:34:09-05:00,,12,9,3,0,Dry,2,1,1,0,0,0,0,0,0,0
event_255,segment_1975,accident,2019-01-07 07:42:33-05:00,2019-01-07 10:01:43-05:00,No Percipitation,0,52,52,2019-01-07 07:46:05-05:00,,5,1,0,4,Dry,1,0,0,1,0,0,0,0,0,0
event_256,segment_466,accident,2019-01-07 07:57:36-05:00,2019-01-07 08:38:37-05:00,No Percipitation,0,19,57,2019-01-07 08:38:20-05:00,2019-01-07 07:57:52-05:00,13,12,1,0,Unspecified,2,2,0,0,0,0,0,0,0,0
event_257,segment_1881,accident,2019-01-07 08:06:47-05:00,2019-01-07 08:28:12-05:00,No Percipitation,0,43,43,2019-01-07 08:15:45-05:00,2019-01-07 08:06:47-05:00,6,1,0,5,Dry,2,2,0,0,0,0,0,0,0,0
event_258,segment_745,accident,2019-01-07 08:11:42-05:00,2019-01-07 08:21:23-05:00,No Percipitation,0,24,59,2019-01-07 08:11:46-05:00,2019-01-07 08:11:42-05:00,17,15,2,0,Dry,2,2,0,0,0,0,0,0,0,0
event_259,segment_421,accident,2019-01-07 08:11:46-05:00,2019-01-07 08:26:18-05:00,No Percipitation,0,35,60,2019-01-07 08:13:15-05:00,,14,12,2,0,Dry,2,2,0,0,0,0,0,0,0,0
event_260,segment_876,injury accident,2019-01-07 09:49:25-05:00,2019-01-07 10:16:10-05:00,No Percipitation,0,12,58,2019-01-07 09:49:57-05:00,2019-01-07 09:49:25-05:00,13,10,3,0,Dry,2,2,0,0,0,0,0,0,0,0
event_261,segment_620,accident,2019-01-07 11:18:25-05:00,2019-01-07 11:33:53-05:00,No Percipitation,0,59,60,2019-01-07 11:22:04-05:00,2019-01-07 11:18:40-05:00,13,7,0,6,Dry,1,1,0,0,0,0,0,0,0,0
event_262,segment_2034,injury accident,2019-01-07 11:41:28-05:00,2019-01-07 12:17:54-05:00,No Percipitation,0,65,69,2019-01-07 11:45:13-05:00,2019-01-07 11:45:12-05:00,14,7,0,7,Dry,1,1,0,0,0,0,0,0,0,0
event_263,segment_551,injury accident,2019-01-07 13:24:50-05:00,2019-01-07 14:12:30-05:00,No Percipitation,0,67,65,2019-01-07 13:51:01-05:00,2019-01-07 13:25:22-05:00,13,12,1,0,Wet,1,1,0,0,0,0,0,0,0,0
event_264,segment_956,accident,2019-01-07 14:13:54-05:00,2019-01-07 14:15:58-05:00,No Percipitation,0,61,60,2019-01-07 14:15:16-05:00,2019-01-07 14:13:54-05:00,11,10,1,0,Dry,2,2,0,0,0,0,0,0,0,0
event_265,segment_1899,accident,2019-01-07 14:31:02-05:00,2019-01-07 17:42:29-05:00,No Percipitation,0,38,41,2019-01-07 14:31:42-05:00,2019-01-07 14:31:32-05:00,5,1,0,4,Dry,0,0,0,0,0,0,0,0,0,0
event_266,segment_1006,accident,2019-01-07 14:38:51-05:00,2019-01-07 16:38:30-05:00,No Percipitation,0,53,52,2019-01-07 14:39:29-05:00,2019-01-07 14:38:51-05:00,14,13,1,0,Dry,1,1,0,0,0,0,0,0,0,0
event_267,segment_561,accident,2019-01-07 15:04:54-05:00,2019-01-07 15:49:32-05:00,No Percipitation,0,62,60,2019-01-07 15:13:31-05:00,2019-01-07 15:05:24-05:00,14,7,0,7,Dry,3,2,1,0,0,0,0,0,0,0
event_268,segment_168,injury accident,2019-01-07 15:11:24-05:00,2019-01-07 15:58:12-05:00,No Percipitation,0,61,58,2019-01-07 15:19:21-05:00,,10,5,0,5,Dry,2,1,1,0,0,0,0,0,0,0
event_269,segment_987,accident,2019-01-07 15:29:58-05:00,2019-01-07 16:26:11-05:00,No Percipitation,0,50,57,2019-01-07 15:32:10-05:00,2019-01-07 15:32:08-05:00,7,6,1,0,Unspecified,2,2,0,0,0,0,0,0,0,0
event_270,segment_546,accident,2019-01-07 15:33:59-05:00,2019-01-07 16:27:34-05:00,No Percipitation,0,65,63,2019-01-07 15:56:26-05:00,2019-01-07 15:34:13-05:00,11,6,0,5,Dry,3,2,1,0,0,0,0,0,0,0
event_271,segment_194,accident,2019-01-07 16:24:11-05:00,2019-01-07 16:24:43-05:00,No Percipitation,0,59,65,2019-01-07 16:24:23-05:00,2019-01-07 16:24:11-05:00,13,11,2,0,Dry,1,1,0,0,0,0,0,0,0,0
event_272,segment_194,injury accident,2019-01-07 16:25:16-05:00,2019-01-07 16:25:42-05:00,No Percipitation,0,59,65,2019-01-07 16:25:20-05:00,2019-01-07 16:25:16-05:00,13,12,1,0,Dry,3,3,0,0,0,0,0,0,0,0
event_273,segment_41,accident,2019-01-07 16:35:54-05:00,2019-01-07 16:41:44-05:00,No Percipitation,0,43,61,2019-01-07 16:32:53-05:00,2019-01-07 16:32:18-05:00,11,10,1,0,Dry,0,0,0,0,0,0,0,0,0,0
event_274,segment_1166,accident,2019-01-07 16:44:24-05:00,2019-01-07 16:47:17-05:00,No Percipitation,0,48,44,2019-01-07 16:45:29-05:00,,8,8,0,0,Dry,2,2,0,0,0,0,0,0,0,0
event_275,segment_880,accident,2019-01-07 16:59:20-05:00,2019-01-07 17:40:16-05:00,No Percipitation,0,28,55,2019-01-07 17:12:49-05:00,2019-01-07 16:59:20-05:00,15,7,0,8,Dry,2,1,1,0,0,0,0,0,0,0
event_276,segment_1751,accident,2019-01-07 17:00:40-05:00,2019-01-07 17:52:22-05:00,No Percipitation,0,20,29,2019-01-07 17:00:56-05:00,2019-01-07 17:00:54-05:00,8,4,0,4,Dry,0,0,0,0,0,0,0,0,0,0
event_277,segment_664,accident,2019-01-07 17:31:31-05:00,2019-01-07 17:48:50-05:00,No Percipitation,0,56,61,2019-01-07 17:47:39-05:00,2019-01-07 17:31:31-05:00,13,6,0,7,Dry,2,2,0,0,0,0,0,0,0,0
event_278,segment_134,accident,2019-01-07 17:35:02-05:00,2019-01-07 17:48:38-05:00,No Percipitation,0,29,42,2019-01-07 17:40:52-05:00,2019-01-07 17:35:30-05:00,13,7,0,6,Dry,3,2,1,0,0,0,0,0,0,0
event_279,segment_704,accident,2019-01-07 17:39:26-05:00,2019-01-07 18:02:52-05:00,No Percipitation,0,22,60,2019-01-07 18:01:03-05:00,2019-01-07 17:39:40-05:00,15,8,0,7,Dry,4,4,0,0,0,0,0,0,0,0
event_280,segment_885,accident,2019-01-07 17:42:40-05:00,2019-01-07 18:08:13-05:00,No Percipitation,0,16,58,2019-01-07 17:58:32-05:00,2019-01-07 17:42:40-05:00,17,15,2,0,Dry,2,2,0,0,0,0,0,0,0,0
event_281,segment_634,accident,2019-01-07 18:11:07-05:00,2019-01-07 18:21:34-05:00,No Percipitation,0,60,60,2019-01-07 18:21:31-05:00,2019-01-07 18:11:07-05:00,12,7,0,5,Dry,0,0,0,0,0,0,0,0,0,0
event_282,segment_129,accident,2019-01-07 18:13:07-05:00,2019-01-07 19:07:33-05:00,No Percipitation,0,73,66,2019-01-07 18:19:44-05:00,2019-01-07 18:13:52-05:00,10,5,0,5,Dry,3,2,1,0,0,0,0,0,0,0
event_283,segment_596,accident,2019-01-07 18:29:41-05:00,2019-01-07 18:37:39-05:00,No Percipitation,0,57,63,2019-01-07 18:32:20-05:00,2019-01-07 18:29:54-05:00,12,5,0,7,Dry,2,2,0,0,0,0,0,0,0,0
event_284,segment_785,accident,2019-01-07 18:32:50-05:00,2019-01-07 18:39:19-05:00,No Percipitation,0,14,58,2019-01-07 18:38:42-05:00,2019-01-07 18:32:50-05:00,17,10,0,7,Dry,0,0,0,0,0,0,0,0,0,0
event_285,segment_719,accident,2019-01-07 18:59:56-05:00,2019-01-07 19:32:04-05:00,No Percipitation,0,62,56,2019-01-07 19:07:54-05:00,2019-01-07 19:00:53-05:00,12,6,0,6,Unspecified,0,0,0,0,0,0,0,0,0,0
event_286,segment_134,accident,2019-01-07 19:37:46-05:00,2019-01-07 20:47:28-05:00,No Percipitation,0,39,42,2019-01-07 19:38:23-05:00,,12,6,0,6,Dry,0,0,0,0,0,0,0,0,0,0
event_287,segment_987,injury accident,2019-01-07 21:30:23-05:00,2019-01-07 22:30:11-05:00,No Percipitation,0,47,57,2019-01-07 21:33:44-05:00,,9,5,0,4,Dry,2,2,0,0,0,0,0,0,0,0
event_288,segment_577,accident,2019-01-08 00:07:32-05:00,2019-01-08 00:57:21-05:00,Snow,0.66,63,63,2019-01-08 00:07:42-05:00,2019-01-08 00:07:41-05:00,11,9,0,2,Wet,1,1,0,0,0,0,0,0,0,0
event_289,segment_1748,accident,2019-01-08 04:01:41-05:00,2019-01-08 07:05:45-05:00,No Percipitation,0,46,46,2019-01-08 04:02:30-05:00,2019-01-08 03:42:41-05:00,5,1,4,0,Wet - chemicals,1,0,1,0,0,0,0,0,1,0
event_290,segment_664,injury accident,2019-01-08 04:42:44-05:00,2019-01-08 05:07:17-05:00,No Percipitation,0,69,61,2019-01-08 04:45:57-05:00,,16,9,0,7,Dry,2,1,1,0,0,0,0,0,0,0
event_291,segment_635,accident,2019-01-08 05:27:46-05:00,2019-01-08 05:56:23-05:00,No Percipitation,0,62,60,2019-01-08 05:03:00-05:00,,11,10,1,0,Wet,1,1,0,0,0,0,0,0,0,0
event_292,segment_1041,accident,2019-01-08 05:31:03-05:00,2019-01-08 05:57:27-05:00,No Percipitation,0,34,66,2019-01-08 05:36:57-05:00,2019-01-08 05:31:03-05:00,9,1,0,8,Wet - chemicals,2,2,0,0,0,0,0,0,0,0
event_293,segment_2035,injury accident,2019-01-08 05:31:24-05:00,2019-01-08 06:18:15-05:00,No Percipitation,0,65,64,2019-01-08 05:33:31-05:00,2019-01-08 05:33:29-05:00,10,9,1,0,Unspecified,2,2,0,0,0,0,0,0,0,0
event_294,segment_987,accident,2019-01-08 06:01:30-05:00,2019-01-08 07:07:21-05:00,No Percipitation,0,48,57,2019-01-08 06:02:33-05:00,2019-01-08 06:02:09-05:00,7,4,0,3,Unspecified,2,2,0,0,0,0,0,0,0,0
event_295,segment_881,injury accident,2019-01-08 06:37:17-05:00,2019-01-08 07:16:18-05:00,No Percipitation,0,27,53,2019-01-08 06:37:48-05:00,,15,9,0,6,Dry,2,0,1,0,0,0,0,0,0,0
event_296,segment_1888,accident,2019-01-08 06:39:48-05:00,2019-01-08 07:41:11-05:00,No Percipitation,0,47,47,2019-01-08 07:41:06-05:00,2019-01-08 06:52:56-05:00,5,1,0,4,Ice/Snow,0,0,0,0,0,0,0,0,0,0
event_297,segment_463,accident,2019-01-08 06:48:44-05:00,2019-01-08 07:25:11-05:00,No Percipitation,0,33,53,2019-01-08 06:52:55-05:00,2019-01-08 06:48:56-05:00,13,7,0,6,Unspecified,1,1,0,0,0,0,0,0,0,0
event_298,segment_143,accident,2019-01-08 06:55:58-05:00,2019-01-08 07:26:07-05:00,No Percipitation,0,61,58,2019-01-08 06:56:38-05:00,,9,5,0,4,Wet - chemicals,1,1,0,0,0,0,0,0,0,0
event_299,segment_1666,serious accident,2019-01-08 06:57:13-05:00,2019-01-08 14:16:08-05:00,No Percipitation,0,51,52,2019-01-08 06:57:41-05:00,,5,1,4,0,Unspecified,2,1,0,0,0,0,0,0,0,0
event_300,segment_1375,injury accident,2019-01-08 06:58:02-05:00,2019-01-08 07:52:08-05:00,No Percipitation,0,30,35,2019-01-08 07:13:20-05:00,2019-01-08 07:07:34-05:00,12,7,0,5,Wet - chemicals,0,0,0,0,0,0,0,0,0,0
event_301,segment_400,accident,2019-01-08 06:59:59-05:00,2019-01-08 07:16:21-05:00,No Percipitation,0,64,64,2019-01-08 07:00:53-05:00,,14,14,0,0,Wet,0,0,0,0,0,0,0,0,0,0
event_302,segment_167,injury accident,2019-01-08 07:04:27-05:00,2019-01-08 08:08:12-05:00,No Percipitation,0,53,58,2019-01-08 07:04:34-05:00,2019-01-08 07:04:27-05:00,9,5,4,0,Wet - chemicals,6,4,1,0,0,0,0,0,0,0
event_303,segment_463,accident,2019-01-08 07:08:50-05:00,2019-01-08 07:29:52-05:00,No Percipitation,0,19,53,2019-01-08 07:09:04-05:00,,13,7,0,6,Unspecified,2,2,0,0,0,0,0,0,0,0
event_304,segment_422,accident,2019-01-08 07:40:27-05:00,2019-01-08 08:00:45-05:00,No Percipitation,0,22,54,2019-01-08 07:48:23-05:00,2019-01-08 07:41:09-05:00,13,12,1,0,Unspecified,2,2,0,0,0,0,0,0,0,0
event_305,segment_1044,accident,2019-01-08 07:59:07-05:00,2019-01-08 08:13:16-05:00,No Percipitation,0,71,67,2019-01-08 08:12:03-05:00,2019-01-08 07:59:28-05:00,10,5,0,5,Wet - chemicals,0,0,0,0,0,0,0,0,0,0
event_306,segment_737,injury accident,2019-01-08 08:01:29-05:00,2019-01-08 08:47:11-05:00,No Percipitation,0,55,45,2019-01-08 08:01:57-05:00,2019-01-08 08:01:37-05:00,9,5,0,4,Dry,2,2,0,0,0,0,0,0,0,0
event_307,segment_1380,accident,2019-01-08 08:15:54-05:00,2019-01-08 08:30:23-05:00,No Percipitation,0,15,43,2019-01-08 08:16:33-05:00,,10,5,0,5,Wet,2,1,0,0,0,0,0,0,0,0
event_308,segment_63,injury accident,2019-01-08 08:20:53-05:00,2019-01-08 08:36:22-05:00,No Percipitation,0,13,62,2019-01-08 08:21:22-05:00,,13,13,0,0,Dry,0,0,0,0,0,0,0,0,0,0
event_309,segment_278,accident,2019-01-08 08:26:28-05:00,2019-01-08 08:27:01-05:00,No Percipitation,0,44,60,2019-01-08 08:26:36-05:00,2019-01-08 08:26:28-05:00,14,13,1,0,Dry,0,0,0,0,0,0,0,0,0,0
event_310,segment_987,accident,2019-01-08 08:41:34-05:00,2019-01-08 09:04:05-05:00,No Percipitation,0,45,57,2019-01-08 08:41:45-05:00,,7,6,1,0,Unspecified,2,1,0,1,0,0,0,0,0,0
event_311,segment_2034,injury accident,2019-01-08 08:47:21-05:00,2019-01-08 10:04:11-05:00,No Percipitation,0,70,69,2019-01-08 08:47:35-05:00,,,,,,Wet,2,1,0,0,0,0,0,0,0,0
event_312,segment_396,accident,2019-01-08 08:56:30-05:00,2019-01-08 09:03:39-05:00,No Percipitation,0,57,59,2019-01-08 08:56:42-05:00,2019-01-08 08:56:40-05:00,12,6,0,6,Wet,1,1,0,0,0,0,0,1,0,0
event_313,segment_818,accident,2019-01-08 08:58:42-05:00,2019-01-08 09:32:50-05:00,No Percipitation,0,65,59,2019-01-08 08:58:46-05:00,2019-01-08 08:58:42-05:00,10,3,0,7,Unspecified,2,1,1,0,0,0,0,0,0,0
event_314,segment_332,accident,2019-01-08 09:04:02-05:00,2019-01-08 09:27:56-05:00,No Percipitation,0,70,65,2019-01-08 09:04:25-05:00,,14,7,0,7,Dry,2,1,0,0,0,0,0,0,0,0
event_315,segment_1375,injury accident,2019-01-08 09:15:54-05:00,2019-01-08 09:35:15-05:00,No Percipitation,0,,,2019-01-08 09:22:30-05:00,2019-01-08 09:17:16-05:00,12,1,0,11,Wet,2,2,0,0,0,0,0,0,0,0
event_316,segment_1947,accident,2019-01-08 09:44:12-05:00,2019-01-08 16:23:18-05:00,No Percipitation,0,45,44,2019-01-08 09:46:28-05:00,,6,1,5,0,Wet,1,0,1,0,0,0,0,1,0,0
event_317,segment_818,accident,2019-01-08 09:49:28-05:00,2019-01-08 10:01:50-05:00,No Percipitation,0,61,59,2019-01-08 09:59:51-05:00,2019-01-08 09:30:00-05:00,9,9,0,0,Unspecified,1,1,0,0,0,0,0,0,0,0
event_318,segment_776,accident,2019-01-08 09:55:52-05:00,2019-01-08 11:22:40-05:00,No Percipitation,0,62,61,2019-01-08 10:03:54-05:00,2019-01-08 09:56:03-05:00,17,9,0,8,Dry,0,0,0,0,0,0,0,0,0,0
event_319,segment_632,accident,2019-01-08 10:03:01-05:00,2019-01-08 11:18:25-05:00,No Percipitation,0,57,60,2019-01-08 10:03:15-05:00,,15,7,0,8,Wet,1,0,1,0,0,0,0,0,0,0
event_320,segment_489,injury accident,2019-01-08 11:19:19-05:00,2019-01-08 11:56:33-05:00,No Percipitation,0,4,65,2019-01-08 11:32:47-05:00,2019-01-08 11:32:43-05:00,11,9,2,0,Wet,2,2,0,0,0,0,0,1,0,0
event_321,segment_473,accident,2019-01-08 11:59:21-05:00,2019-01-08 12:01:28-05:00,No Percipitation,0,74,65,2019-01-08 12:00:18-05:00,,13,13,0,0,Wet,1,1,0,0,0,0,0,0,0,0
event_322,segment_1747,injury accident,2019-01-08 13:49:13-05:00,2019-01-08 15:14:51-05:00,No Percipitation,0,46,48,2019-01-08 13:49:52-05:00,,5,3,2,0,Dry,2,1,0,1,0,0,0,0,0,0
event_323,segment_408,accident,2019-01-08 14:57:26-05:00,2019-01-08 15:04:45-05:00,No Percipitation,0,51,48,2019-01-08 15:00:22-05:00,2019-01-08 14:59:06-05:00,11,10,1,0,Dry,2,2,0,0,0,0,0,0,0,0
event_324,segment_1698,injury accident,2019-01-08 15:04:40-05:00,2019-01-08 15:32:23-05:00,No Percipitation,0,63,61,2019-01-08 15:07:55-05:00,,15,8,0,7,Dry,2,2,0,0,0,0,0,0,0,0
event_325,segment_123,accident,2019-01-08 15:57:45-05:00,2019-01-08 16:20:32-05:00,No Percipitation,0,32,58,2019-01-08 16:09:34-05:00,2019-01-08 15:58:09-05:00,11,7,0,4,Dry,2,2,0,0,0,0,0,0,0,0
event_326,segment_802,accident,2019-01-08 15:59:32-05:00,2019-01-08 16:01:05-05:00,No Percipitation,0,4,61,2019-01-08 16:00:21-05:00,2019-01-08 15:59:32-05:00,18,17,1,0,Dry,2,1,0,0,0,0,0,0,0,0
event_327,segment_385,accident,2019-01-08 16:12:59-05:00,2019-01-08 16:15:52-05:00,No Percipitation,0,45,60,2019-01-08 16:13:26-05:00,2019-01-08 16:12:59-05:00,9,8,1,0,Dry,2,1,1,0,0,0,0,0,0,0
event_328,segment_871,accident,2019-01-08 16:15:57-05:00,2019-01-08 16:40:02-05:00,No Percipitation,0,61,60,2019-01-08 16:23:46-05:00,2019-01-08 16:15:57-05:00,15,8,0,7,Dry,4,4,0,0,0,0,0,0,0,0
event_329,segment_1425,injury accident,2019-01-08 16:21:29-05:00,2019-01-08 18:23:18-05:00,No Percipitation,0,25,36,2019-01-08 16:22:27-05:00,,5,1,4,0,Wet,2,1,0,0,0,0,0,0,0,0
event_330,segment_844,accident,2019-01-08 16:51:18-05:00,2019-01-08 17:08:00-05:00,No Percipitation,0,11,59,2019-01-08 16:54:41-05:00,,14,12,2,0,Dry,2,2,0,0,0,0,0,0,0,0
event_331,segment_843,accident,2019-01-08 16:57:09-05:00,2019-01-08 17:42:49-05:00,No Percipitation,0,21,62,,2019-01-08 16:57:09-05:00,13,11,2,0,Dry,0,0,0,0,0,0,0,0,0,0
event_332,segment_859,accident,2019-01-08 17:08:02-05:00,2019-01-08 17:15:22-05:00,No Percipitation,0,13,61,2019-01-08 17:08:26-05:00,,14,12,2,0,Dry,0,0,0,0,0,0,0,0,0,0
event_333,segment_396,accident,2019-01-08 17:13:14-05:00,2019-01-08 17:37:07-05:00,No Percipitation,0,20,59,2019-01-08 17:36:44-05:00,2019-01-08 17:13:38-05:00,12,6,0,6,Dry,2,2,0,0,0,0,0,0,0,0
event_334,segment_275,accident,2019-01-08 17:26:34-05:00,2019-01-08 17:52:39-05:00,No Percipitation,0,19,41,2019-01-08 17:26:46-05:00,,17,16,1,0,Dry,2,1,1,0,0,0,0,0,0,0
event_335,segment_83,injury accident,2019-01-08 17:27:48-05:00,2019-01-08 17:59:04-05:00,Rain,0.5,66,67,2019-01-08 17:33:24-05:00,2019-01-08 17:28:18-05:00,12,6,0,6,Wet,3,3,0,0,0,0,0,0,0,0
event_336,segment_804,accident,2019-01-08 17:39:21-05:00,2019-01-08 18:33:23-05:00,No Percipitation,0,38,42,2019-01-08 17:50:13-05:00,2019-01-08 17:40:10-05:00,6,3,0,3,Dry,2,1,1,0,0,0,0,0,0,0
event_337,segment_901,accident,2019-01-08 17:41:10-05:00,2019-01-08 18:05:57-05:00,No Percipitation,0,55,54,2019-01-08 17:41:14-05:00,2019-01-08 17:41:10-05:00,,,,,Dry,2,2,0,0,0,0,0,0,0,0
event_338,segment_633,accident,2019-01-08 17:59:35-05:00,2019-01-08 18:16:12-05:00,No Percipitation,0,44,61,2019-01-08 18:00:00-05:00,2019-01-08 17:59:35-05:00,11,10,1,0,Dry,4,2,2,0,0,0,0,0,0,0
event_339,segment_844,accident,2019-01-08 18:03:39-05:00,2019-01-08 18:07:37-05:00,No Percipitation,0,12,59,2019-01-08 18:04:46-05:00,2019-01-08 18:03:39-05:00,15,8,0,7,Dry,2,2,0,0,0,0,0,0,0,0
event_340,segment_561,accident,2019-01-08 18:07:52-05:00,2019-01-08 18:09:02-05:00,Rain,1.7,54,60,2019-01-08 18:08:55-05:00,2019-01-08 18:07:52-05:00,15,14,1,0,Dry,2,2,0,0,0,0,0,0,0,0
event_341,segment_728,accident,2019-01-08 18:09:10-05:00,2019-01-08 18:22:36-05:00,No Percipitation,0,21,60,2019-01-08 18:16:28-05:00,,13,6,0,7,Dry,2,2,0,0,0,0,0,0,0,0
event_342,segment_531,accident,2019-01-08 18:10:15-05:00,2019-01-08 18:31:27-05:00,Rain,1.7,30,60,2019-01-08 18:15:12-05:00,,14,13,1,0,Dry,1,1,0,0,0,0,0,0,0,0
event_343,segment_693,accident,2019-01-08 18:32:27-05:00,2019-01-08 18:46:20-05:00,No Percipitation,0,21,59,2019-01-08 18:44:53-05:00,2019-01-08 18:32:41-05:00,16,8,0,8,Dry,2,2,0,0,0,0,0,0,0,0
event_344,segment_561,injury accident,2019-01-08 18:39:26-05:00,2019-01-08 19:47:41-05:00,No Percipitation,0,49,60,2019-01-08 18:43:48-05:00,2019-01-08 18:40:31-05:00,15,7,0,8,Dry,2,2,0,0,0,0,0,0,0,0
event_345,segment_192,accident,2019-01-08 18:43:34-05:00,2019-01-08 19:11:37-05:00,No Percipitation,0,63,65,2019-01-08 18:53:15-05:00,,14,8,0,6,Wet,0,0,0,0,0,0,0,0,0,0
event_346,segment_2023,accident,2019-01-08 19:06:31-05:00,2019-01-08 19:13:21-05:00,No Percipitation,0,60,65,2019-01-08 19:10:13-05:00,2019-01-08 19:06:38-05:00,11,6,0,5,Wet,2,2,0,0,0,0,0,0,0,0
event_347,segment_1678,accident,2019-01-08 19:09:00-05:00,2019-01-08 19:09:35-05:00,No Percipitation,0,36,33,2019-01-08 19:09:08-05:00,2019-01-08 19:09:10-05:00,9,5,0,4,Unspecified,2,2,0,0,0,0,0,0,0,0
event_348,segment_787,accident,2019-01-08 21:31:19-05:00,2019-01-08 22:06:39-05:00,Rain,2.26,69,62,,2019-01-08 21:31:56-05:00,16,8,0,8,Dry,2,2,0,0,0,0,0,0,0,0
event_349,segment_853,accident,2019-01-08 21:45:26-05:00,2019-01-08 21:52:07-05:00,Rain,1.34,64,56,2019-01-08 21:45:30-05:00,2019-01-08 21:45:26-05:00,13,10,3,0,Wet,0,0,0,0,0,0,0,0,0,0
event_350,segment_855,injury accident,2019-01-08 21:52:42-05:00,2019-01-08 21:55:28-05:00,Rain,0.8,67,55,2019-01-08 21:52:45-05:00,2019-01-08 21:52:42-05:00,15,14,1,0,Wet,2,2,0,0,0,0,0,0,0,0
event_351,segment_210,accident,2019-01-08 22:45:17-05:00,2019-01-08 23:15:17-05:00,No Percipitation,0,49,51,2019-01-08 22:45:36-05:00,2019-01-08 22:45:35-05:00,15,13,0,2,Wet,0,0,0,0,0,0,0,0,0,0
event_352,segment_433,injury accident,2019-01-08 22:45:53-05:00,2019-01-08 23:57:06-05:00,Rain,0.92,68,66,2019-01-08 22:54:13-05:00,2019-01-08 22:54:12-05:00,13,12,1,0,Wet,1,1,0,0,0,0,0,0,0,0
event_353,segment_1684,accident,2019-01-09 01:23:13-05:00,2019-01-09 02:01:06-05:00,No Percipitation,0,55,54,2019-01-09 01:23:42-05:00,2019-01-09 01:23:41-05:00,23,21,0,2,Dry,1,1,0,0,0,0,0,0,0,0
event_354,segment_476,injury accident,2019-01-09 04:34:22-05:00,2019-01-09 07:27:52-05:00,No Percipitation,0,67,66,2019-01-09 04:34:36-05:00,2019-01-09 04:34:31-05:00,11,10,1,0,Dry,1,1,0,0,0,0,0,0,0,0
event_355,segment_1028,injury accident,2019-01-09 05:05:35-05:00,2019-01-09 06:09:41-05:00,No Percipitation,0,22,58,2019-01-09 05:24:42-05:00,2019-01-09 05:06:00-05:00,10,5,0,5,Dry,0,0,0,0,0,0,0,0,0,0
event_356,segment_346,serious accident,2019-01-09 05:41:15-05:00,2019-01-09 09:56:21-05:00,No Percipitation,0,66,64,2019-01-09 05:44:57-05:00,2019-01-09 05:41:30-05:00,9,5,0,4,Dry,1,0,0,0,1,0,0,0,0,0
event_357,segment_73,accident,2019-01-09 06:31:39-05:00,2019-01-09 06:34:45-05:00,No Percipitation,0,47,64,2019-01-09 06:31:47-05:00,2019-01-09 06:31:39-05:00,10,6,0,4,Dry,0,0,0,0,0,0,0,0,0,0
event_358,segment_915,injury accident,2019-01-09 06:47:37-05:00,2019-01-09 07:08:42-05:00,No Percipitation,0,61,62,2019-01-09 06:47:57-05:00,,13,7,6,0,Dry,3,2,1,0,0,0,0,0,0,0
event_359,segment_70,accident,2019-01-09 06:50:09-05:00,2019-01-09 07:10:17-05:00,No Percipitation,0,39,66,2019-01-09 07:02:59-05:00,2019-01-09 06:50:09-05:00,9,5,0,4,Dry,0,0,0,0,0,0,0,0,0,0
event_360,segment_70,injury accident,2019-01-09 07:08:19-05:00,2019-01-09 08:23:02-05:00,No Percipitation,0,59,66,2019-01-09 07:10:27-05:00,2019-01-09 07:09:25-05:00,11,6,0,5,Dry,5,5,0,0,0,0,0,1,0,0
event_361,segment_70,accident,2019-01-09 07:42:02-05:00,2019-01-09 08:03:49-05:00,No Percipitation,0,,,2019-01-09 07:42:06-05:00,2019-01-09 07:42:02-05:00,10,9,1,0,Dry,0,0,0,0,0,0,0,0,0,0
event_362,segment_70,accident,2019-01-09 08:10:47-05:00,2019-01-09 08:11:36-05:00,No Percipitation,0,32,66,2019-01-09 08:10:59-05:00,2019-01-09 08:10:47-05:00,10,9,1,0,Dry,0,0,0,0,0,0,0,0,0,0
event_363,segment_191,accident,2019-01-09 08:19:32-05:00,2019-01-09 08:30:55-05:00,No Percipitation,0,53,58,2019-01-09 08:19:41-05:00,2019-01-09 08:19:32-05:00,16,13,3,0,Dry,3,2,0,0,0,0,0,0,0,0
event_364,segment_70,accident,2019-01-09 08:23:46-05:00,2019-01-09 08:29:58-05:00,No Percipitation,0,32,66,2019-01-09 08:10:59-05:00,2019-01-09 08:10:47-05:00,10,9,1,0,Dry,0,0,0,0,0,0,0,0,0,0
event_365,segment_191,injury accident,2019-01-09 08:25:57-05:00,2019-01-09 08:31:48-05:00,No Percipitation,0,54,58,2019-01-09 08:19:41-05:00,2019-01-09 08:19:32-05:00,16,13,3,0,Dry,2,2,0,0,0,0,0,0,0,0
event_366,segment_1028,accident,2019-01-09 08:38:34-05:00,2019-01-09 08:40:02-05:00,No Percipitation,0,8,58,2019-01-09 08:38:52-05:00,2019-01-09 08:38:34-05:00,11,10,1,0,Dry,2,1,1,0,0,0,0,0,0,0
event_367,segment_305,accident,2019-01-09 08:42:10-05:00,2019-01-09 08:43:45-05:00,No Percipitation,0,58,60,2019-01-09 08:42:26-05:00,2019-01-09 08:42:10-05:00,14,13,1,0,Dry,2,1,1,0,0,0,0,0,0,0
event_368,segment_412,accident,2019-01-09 09:08:54-05:00,2019-01-09 10:50:39-05:00,No Percipitation,0,65,60,,2019-01-09 09:08:54-05:00,13,7,0,6,Dry,0,0,0,0,0,0,0,0,0,0
event_369,segment_2037,accident,2019-01-09 09:30:47-05:00,2019-01-09 10:07:15-05:00,No Percipitation,0.3,66,68,2019-01-09 09:31:22-05:00,,13,7,0,6,Dry,2,1,0,0,0,0,0,0,0,0
event_370,segment_856,accident,2019-01-09 09:50:46-05:00,2019-01-09 09:55:50-05:00,No Percipitation,0,64,59,,2019-01-09 09:50:46-05:00,14,1,0,13,Dry,0,0,0,0,0,0,0,0,0,0
event_371,segment_641,accident,2019-01-09 10:26:27-05:00,2019-01-09 10:47:00-05:00,No Percipitation,0,60,62,2019-01-09 10:44:26-05:00,2019-01-09 10:26:41-05:00,14,9,0,5,Dry,1,1,0,0,0,0,0,0,0,0
event_372,segment_343,accident,2019-01-09 11:34:40-05:00,2019-01-09 15:30:16-05:00,No Percipitation,0,59,64,2019-01-09 11:39:34-05:00,2019-01-09 11:35:01-05:00,14,6,0,8,Dry,2,1,1,0,0,0,0,0,0,1
event_373,segment_440,accident,2019-01-09 11:44:40-05:00,2019-01-09 11:54:32-05:00,No Percipitation,0,73,59,2019-01-09 11:51:04-05:00,2019-01-09 11:44:48-05:00,13,12,1,0,Dry,2,2,0,0,0,0,0,0,0,0
event_374,segment_74,injury accident,2019-01-09 14:10:31-05:00,2019-01-09 14:41:13-05:00,Rain,0.675,66,63,2019-01-09 14:11:17-05:00,,7,4,0,3,Wet,2,2,0,0,0,0,0,0,0,0
event_375,segment_919,accident,2019-01-09 14:59:09-05:00,2019-01-09 15:04:06-05:00,Rain,0.92,23,59,2019-01-09 15:00:26-05:00,,14,12,2,0,Dry,3,3,0,0,0,0,0,0,0,0
event_376,segment_607,accident,2019-01-09 15:24:50-05:00,2019-01-09 16:01:25-05:00,No Percipitation,0,56,62,2019-01-09 15:25:34-05:00,,11,6,0,5,Dry,1,1,0,0,0,0,0,1,0,0
event_377,segment_1872,accident,2019-01-09 15:52:43-05:00,2019-01-09 16:53:39-05:00,No Percipitation,0,44,48,2019-01-09 16:01:02-05:00,2019-01-09 15:53:30-05:00,6,1,0,5,Dry,2,2,0,0,0,0,0,0,0,0
event_378,segment_1705,accident,2019-01-09 16:51:08-05:00,2019-01-09 17:17:35-05:00,No Percipitation,0,46,54,2019-01-09 16:47:49-05:00,2019-01-09 16:47:44-05:00,26,25,1,0,Dry,2,2,0,0,0,0,0,0,0,0
event_379,segment_1354,injury accident,2019-01-09 17:00:35-05:00,2019-01-09 18:24:13-05:00,No Percipitation,0,42,42,2019-01-09 17:17:08-05:00,2019-01-09 17:02:42-05:00,5,3,0,2,Dry,2,2,0,0,0,0,0,0,0,0
event_380,segment_1694,accident,2019-01-09 17:07:52-05:00,2019-01-09 17:35:28-05:00,No Percipitation,0,15,59,2019-01-09 17:20:06-05:00,,15,12,3,0,Dry,2,2,0,0,0,0,0,0,0,0
event_381,segment_449,accident,2019-01-09 17:11:27-05:00,2019-01-09 18:10:12-05:00,No Percipitation,0,64,65,2019-01-09 17:24:28-05:00,,3,2,1,0,Dry,1,1,0,0,0,0,0,0,0,0
event_382,segment_919,accident,2019-01-09 17:16:15-05:00,2019-01-09 17:56:42-05:00,No Percipitation,0,33,59,2019-01-09 17:36:22-05:00,2019-01-09 17:16:15-05:00,14,7,0,7,Dry,0,0,0,0,0,0,0,0,0,0
event_383,segment_919,injury accident,2019-01-09 17:18:38-05:00,2019-01-09 17:32:37-05:00,No Percipitation,0,28,59,2019-01-09 17:21:42-05:00,2019-01-09 17:18:38-05:00,17,16,0,1,Dry,2,1,1,0,0,0,0,0,0,0
event_384,segment_899,accident,2019-01-09 17:58:59-05:00,2019-01-09 18:07:17-05:00,No Percipitation,0,7,58,2019-01-09 18:07:12-05:00,2019-01-09 17:58:59-05:00,13,7,0,6,Dry,0,0,0,0,0,0,0,0,0,0
event_385,segment_831,accident,2019-01-09 18:04:03-05:00,2019-01-09 18:13:34-05:00,No Percipitation,0,51,59,2019-01-09 18:04:55-05:00,,13,7,0,6,Dry,1,1,0,0,0,0,0,0,0,0
event_386,segment_190,injury accident,2019-01-09 18:39:26-05:00,2019-01-09 18:50:54-05:00,No Percipitation,0,25,64,2019-01-09 18:39:37-05:00,2019-01-09 18:39:26-05:00,16,15,1,0,Dry,2,2,0,0,0,0,0,0,0,0
event_387,segment_1316,accident,2019-01-09 19:13:22-05:00,2019-01-09 19:30:48-05:00,No Percipitation,0,20,28,2019-01-09 19:13:42-05:00,2019-01-09 19:13:22-05:00,11,6,5,0,Dry,2,2,0,0,0,0,0,0,0,0
event_388,segment_38,accident,2019-01-09 19:21:29-05:00,2019-01-09 20:19:04-05:00,No Percipitation,0.2,61,62,2019-01-09 19:32:46-05:00,2019-01-09 19:21:55-05:00,11,5,0,6,Dry,1,1,0,0,0,0,0,0,0,0
event_389,segment_1424,accident,2019-01-09 19:35:50-05:00,2019-01-09 20:25:29-05:00,No Percipitation,0,26,27,2019-01-09 19:35:57-05:00,2019-01-09 19:35:50-05:00,13,11,2,0,Dry,2,2,0,0,0,0,0,0,0,0
event_390,segment_775,accident,2019-01-09 19:56:00-05:00,2019-01-09 19:59:08-05:00,No Percipitation,0,61,60,2019-01-09 19:58:16-05:00,2019-01-09 19:56:00-05:00,13,6,0,7,Dry,0,0,0,0,0,0,0,0,0,0
event_391,segment_1090,accident,2019-01-10 04:40:43-05:00,2019-01-10 05:28:02-05:00,No Percipitation,0,66,64,2019-01-10 04:41:21-05:00,2019-01-10 04:40:43-05:00,14,8,0,6,Dry,1,1,0,0,0,0,0,0,0,0
event_392,segment_893,accident,2019-01-10 04:53:47-05:00,2019-01-10 05:08:46-05:00,No Percipitation,0,61,58,2019-01-10 04:53:53-05:00,2019-01-10 04:53:47-05:00,15,13,2,0,Dry,2,1,0,0,0,0,0,0,0,0
event_393,segment_1674,injury accident,2019-01-10 05:53:55-05:00,2019-01-10 07:07:29-05:00,No Percipitation,0,38,45,2019-01-10 06:05:40-05:00,2019-01-10 05:53:55-05:00,5,1,0,4,Dry,1,1,0,0,0,0,0,1,0,0
event_394,segment_1875,injury accident,2019-01-10 06:39:32-05:00,2019-01-10 08:06:46-05:00,No Percipitation,0,47,49,2019-01-10 06:57:14-05:00,2019-01-10 06:39:55-05:00,5,1,0,4,Dry,1,1,0,0,0,0,0,0,0,0
event_395,segment_1919,injury accident,2019-01-10 07:25:03-05:00,2019-01-10 07:35:49-05:00,No Percipitation,0,11,20,2019-01-10 07:25:13-05:00,2019-01-10 07:25:03-05:00,11,6,0,5,Dry,2,2,0,0,0,0,0,0,0,0
event_396,segment_1116,injury accident,2019-01-10 08:01:45-05:00,2019-01-10 08:36:27-05:00,No Percipitation,0,53,54,2019-01-10 08:04:27-05:00,2019-01-10 08:02:43-05:00,6,5,1,0,Dry,3,3,0,0,0,0,0,0,0,0
event_397,segment_987,accident,2019-01-10 08:05:08-05:00,2019-01-10 08:36:53-05:00,No Percipitation,0,24,57,2019-01-10 08:06:53-05:00,,7,7,0,0,Unspecified,1,1,0,0,0,0,0,0,0,0
event_398,segment_2051,accident,2019-01-10 08:12:22-05:00,2019-01-10 08:14:18-05:00,No Percipitation,0,38,41,2019-01-10 08:12:37-05:00,2019-01-10 08:12:22-05:00,5,3,0,2,Dry,2,2,0,0,0,0,0,0,0,0
event_399,segment_1363,injury accident,2019-01-10 08:53:16-05:00,2019-01-10 09:41:00-05:00,No Percipitation,0,25,44,2019-01-10 08:59:32-05:00,,13,10,3,0,Dry,4,4,0,0,0,0,0,0,0,0
event_400,segment_987,accident,2019-01-10 09:06:46-05:00,2019-01-10 10:13:29-05:00,No Percipitation,0,56,57,2019-01-10 09:07:14-05:00,2019-01-10 09:07:17-05:00,,,,,Unspecified,0,0,0,0,0,0,0,0,0,0
event_401,segment_204,injury accident,2019-01-10 09:49:00-05:00,2019-01-10 10:11:06-05:00,No Percipitation,0,55,60,2019-01-10 09:36:02-05:00,,9,7,2,0,Dry,1,1,0,0,0,0,0,0,0,0
event_402,segment_463,accident,2019-01-10 10:06:05-05:00,2019-01-10 10:28:26-05:00,No Percipitation,0,55,53,2019-01-10 10:06:34-05:00,2019-01-10 10:06:36-05:00,,,,,Unspecified,2,1,0,0,0,0,0,0,0,0
event_403,segment_493,injury accident,2019-01-10 10:37:09-05:00,2019-01-10 11:55:02-05:00,No Percipitation,0,63,60,2019-01-10 10:40:00-05:00,,14,12,2,0,Dry,2,2,0,0,0,0,0,0,0,0
event_404,segment_665,accident,2019-01-10 11:03:19-05:00,2019-01-10 11:16:22-05:00,No Percipitation,0,62,60,2019-01-10 11:05:57-05:00,2019-01-10 11:03:19-05:00,15,14,1,0,Dry,2,1,0,0,0,0,0,0,0,0
event_405,segment_666,injury accident,2019-01-10 11:18:06-05:00,2019-01-10 11:52:01-05:00,No Percipitation,0,54,60,2019-01-10 11:18:24-05:00,,16,14,2,0,Wet,2,2,0,0,0,0,0,0,0,0
event_406,segment_589,accident,2019-01-10 11:40:03-05:00,2019-01-10 11:55:26-05:00,No Percipitation,0,60,62,2019-01-10 11:36:19-05:00,2019-01-10 11:23:18-05:00,12,11,1,0,Dry,1,1,0,0,0,0,0,0,0,0
event_407,segment_1911,injury accident,2019-01-10 13:14:09-05:00,2019-01-10 13:59:59-05:00,No Percipitation,0,47,48,2019-01-10 13:15:04-05:00,,5,1,4,0,Unspecified,2,2,0,0,0,0,0,0,0,0
event_408,segment_207,accident,2019-01-10 13:37:54-05:00,2019-01-10 13:40:10-05:00,No Percipitation,0,64,59,2019-01-10 13:38:10-05:00,2019-01-10 13:37:54-05:00,9,8,1,0,Dry,2,2,0,0,0,0,0,0,0,0
event_409,segment_853,accident,2019-01-10 14:21:02-05:00,2019-01-10 14:22:06-05:00,No Percipitation,0,28,56,2019-01-10 14:21:10-05:00,2019-01-10 14:21:02-05:00,13,12,1,0,Dry,3,3,0,0,0,0,0,0,0,0
event_410,segment_860,accident,2019-01-10 14:48:45-05:00,2019-01-10 15:12:34-05:00,No Percipitation,0,55,60,2019-01-10 15:04:22-05:00,2019-01-10 14:55:13-05:00,14,8,0,6,Dry,2,2,0,0,0,0,0,0,0,0
event_411,segment_993,accident,2019-01-10 14:56:10-05:00,2019-01-10 15:35:07-05:00,No Percipitation,0,4,34,2019-01-10 14:56:39-05:00,2019-01-10 14:56:36-05:00,,,,,Dry,2,2,0,0,0,0,0,0,0,0
event_412,segment_168,injury accident,2019-01-10 15:08:56-05:00,2019-01-10 15:46:58-05:00,No Percipitation,0,29,58,2019-01-10 15:10:37-05:00,,11,6,0,5,Dry,3,3,0,0,0,0,0,0,0,0
event_413,segment_723,accident,2019-01-10 15:09:37-05:00,2019-01-10 15:23:14-05:00,No Percipitation,0,61,61,2019-01-10 15:22:50-05:00,2019-01-10 15:10:13-05:00,12,6,0,6,Dry,0,0,0,0,0,0,0,0,0,0
event_414,segment_885,accident,2019-01-10 15:24:33-05:00,2019-01-10 15:43:38-05:00,No Percipitation,0,62,58,2019-01-10 15:25:53-05:00,2019-01-10 15:24:33-05:00,13,12,1,0,Dry,3,2,1,0,0,0,0,0,0,0
event_415,segment_261,accident,2019-01-10 15:28:05-05:00,2019-01-10 15:38:58-05:00,No Percipitation,0,67,65,,2019-01-10 15:28:05-05:00,,,,,Dry,0,0,0,0,0,0,0,0,0,0
event_416,segment_408,accident,2019-01-10 15:28:16-05:00,2019-01-10 15:54:34-05:00,No Percipitation,0,36,48,2019-01-10 15:29:50-05:00,2019-01-10 15:29:43-05:00,11,10,1,0,Dry,4,4,0,0,0,0,0,0,0,0
event_417,segment_723,accident,2019-01-10 15:45:59-05:00,2019-01-10 16:23:20-05:00,No Percipitation,0,69,61,2019-01-10 15:46:23-05:00,,13,7,0,6,Dry,1,1,0,0,0,0,0,0,0,0
event_418,segment_190,accident,2019-01-10 15:56:05-05:00,2019-01-10 16:01:28-05:00,No Percipitation,0,60,64,2019-01-10 15:30:33-05:00,,16,16,0,0,Dry,2,2,0,0,0,0,0,0,0,0
event_419,segment_865,accident,2019-01-10 16:06:18-05:00,2019-01-10 16:07:04-05:00,No Percipitation,0,19,60,2019-01-10 16:06:37-05:00,2019-01-10 16:06:18-05:00,14,13,1,0,Dry,2,1,1,0,0,0,0,0,0,0
event_420,segment_663,accident,2019-01-10 16:19:51-05:00,2019-01-10 16:33:01-05:00,No Percipitation,0,18,61,2019-01-10 16:20:15-05:00,2019-01-10 16:19:51-05:00,14,13,1,0,Wet,1,0,1,0,0,0,0,0,0,0
event_421,segment_693,accident,2019-01-10 16:33:38-05:00,2019-01-10 16:43:02-05:00,No Percipitation,0,24,59,2019-01-10 16:33:57-05:00,2019-01-10 16:33:38-05:00,14,12,2,0,Dry,2,2,0,0,0,0,0,0,0,0
event_422,segment_197,accident,2019-01-10 16:49:09-05:00,2019-01-10 17:09:27-05:00,No Percipitation,0,34,62,2019-01-10 16:50:04-05:00,2019-01-10 16:49:09-05:00,16,15,1,0,Dry,2,2,0,0,0,0,0,0,0,0
event_423,segment_1457,injury accident,2019-01-10 17:16:02-05:00,2019-01-10 18:40:15-05:00,No Percipitation,0,41,49,2019-01-10 17:16:26-05:00,2019-01-10 17:16:02-05:00,6,1,5,0,Unspecified,2,1,1,0,0,0,0,0,0,0
event_424,segment_327,accident,2019-01-10 17:17:45-05:00,2019-01-10 18:00:45-05:00,No Percipitation,0,59,62,2019-01-10 17:18:20-05:00,2019-01-10 17:17:45-05:00,13,11,2,0,Dry,2,2,0,0,0,0,0,0,0,0
event_425,segment_813,accident,2019-01-10 17:42:51-05:00,2019-01-10 17:53:56-05:00,No Percipitation,0,28,59,2019-01-10 17:53:48-05:00,2019-01-10 17:43:21-05:00,15,7,0,8,Dry,2,2,0,0,0,0,0,0,0,0
event_426,segment_1592,injury accident,2019-01-10 17:48:54-05:00,2019-01-10 18:51:44-05:00,No Percipitation,0,26,30,2019-01-10 17:50:58-05:00,2019-01-10 17:49:37-05:00,10,1,0,9,Dry,3,2,1,0,0,0,0,0,0,0
event_427,segment_664,injury accident,2019-01-10 18:22:39-05:00,2019-01-10 19:30:01-05:00,No Percipitation,0,27,61,2019-01-10 18:27:48-05:00,2019-01-10 18:23:41-05:00,14,6,0,8,Dry,2,2,0,0,0,0,0,0,0,0
event_428,segment_1684,accident,2019-01-10 18:50:35-05:00,2019-01-10 19:18:12-05:00,No Percipitation,0,47,54,2019-01-10 19:07:13-05:00,2019-01-10 18:50:35-05:00,21,20,1,0,Dry,2,2,0,0,0,0,0,0,0,0
event_429,segment_958,accident,2019-01-10 19:40:04-05:00,2019-01-10 20:09:24-05:00,No Percipitation,0,63,61,2019-01-10 19:47:48-05:00,2019-01-10 19:45:40-05:00,13,10,3,0,Dry,2,2,0,0,0,0,0,0,0,0
event_430,segment_221,injury accident,2019-01-10 20:14:12-05:00,2019-01-10 20:33:52-05:00,No Percipitation,0,58,59,2019-01-10 20:24:56-05:00,2019-01-10 20:14:12-05:00,11,1,0,10,Dry,2,1,0,0,0,1,0,0,0,0
event_431,segment_1100,injury accident,2019-01-10 20:46:01-05:00,2019-01-10 21:46:49-05:00,No Percipitation,0,59,61,2019-01-10 21:09:58-05:00,2019-01-10 20:46:55-05:00,10,5,0,5,Dry,2,1,1,0,0,0,0,0,0,0
event_432,segment_935,accident,2019-01-10 22:01:04-05:00,2019-01-10 22:57:58-05:00,No Percipitation,0,57,57,2019-01-10 22:03:33-05:00,,22,20,2,0,Dry,1,1,0,0,0,0,0,0,0,0
event_433,segment_1171,injury accident,2019-01-11 01:48:16-05:00,2019-01-11 03:57:46-05:00,No Percipitation,0,49,49,2019-01-11 01:50:45-05:00,2019-01-11 01:48:16-05:00,11,8,0,3,Dry,1,1,0,0,0,0,0,0,0,0
event_434,segment_473,injury accident,2019-01-11 05:50:32-05:00,2019-01-11 06:48:45-05:00,No Percipitation,0,68,65,2019-01-11 05:56:03-05:00,2019-01-11 05:50:00-05:00,13,12,1,0,Dry,1,0,1,0,0,0,0,0,0,0
event_435,segment_18,injury accident,2019-01-11 07:09:46-05:00,2019-01-11 07:28:51-05:00,No Percipitation,0,59,61,2019-01-11 07:15:25-05:00,2019-01-11 07:10:29-05:00,12,7,0,5,Dry,2,2,0,0,0,0,0,0,0,0
event_436,segment_427,accident,2019-01-11 07:48:23-05:00,2019-01-11 08:31:45-05:00,No Percipitation,0,29,48,2019-01-11 07:57:51-05:00,2019-01-11 07:49:30-05:00,11,7,0,4,Dry,2,2,0,0,0,0,0,0,0,0
event_437,segment_766,injury accident,2019-01-11 07:50:18-05:00,2019-01-11 08:30:58-05:00,No Percipitation,0,39,58,2019-01-11 07:50:41-05:00,2019-01-11 07:50:18-05:00,9,5,0,4,Dry,3,2,1,0,0,0,0,0,0,0
event_438,segment_427,accident,2019-01-11 07:54:52-05:00,2019-01-11 08:33:30-05:00,No Percipitation,0,27,48,2019-01-11 08:01:20-05:00,2019-01-11 07:55:28-05:00,11,10,1,0,Dry,3,1,2,0,0,0,0,0,0,0
event_439,segment_379,accident,2019-01-11 08:08:07-05:00,2019-01-11 08:15:38-05:00,No Percipitation,0,18,58,2019-01-11 08:08:12-05:00,2019-01-11 08:08:07-05:00,12,10,2,0,Dry,3,1,2,0,0,0,0,0,0,0
event_440,segment_876,accident,2019-01-11 08:13:28-05:00,2019-01-11 08:37:51-05:00,No Percipitation,0,27,58,2019-01-11 08:30:40-05:00,2019-01-11 08:13:54-05:00,14,13,1,0,Dry,2,2,0,0,0,0,0,0,0,0
event_441,segment_421,accident,2019-01-11 08:23:37-05:00,2019-01-11 08:34:00-05:00,No Percipitation,0,57,60,2019-01-11 08:33:51-05:00,2019-01-11 08:25:02-05:00,11,7,0,4,Dry,0,0,0,0,0,0,0,0,0,0
event_442,segment_742,accident,2019-01-11 08:34:08-05:00,2019-01-11 08:40:29-05:00,No Percipitation,0,60,59,2019-01-11 08:34:23-05:00,,16,14,2,0,Dry,3,3,0,0,0,0,0,0,0,0
event_443,segment_576,accident,2019-01-11 08:40:57-05:00,2019-01-11 09:08:36-05:00,No Percipitation,0,64,65,2019-01-11 08:41:19-05:00,2019-01-11 08:40:57-05:00,9,8,1,0,Dry,1,1,0,0,0,0,0,0,0,0
event_444,segment_462,accident,2019-01-11 08:49:11-05:00,2019-01-11 09:38:06-05:00,No Percipitation,0,47,45,2019-01-11 08:55:34-05:00,2019-01-11 08:51:43-05:00,11,6,0,5,Dry,0,0,0,0,0,0,0,0,0,0
event_445,segment_427,accident,2019-01-11 09:15:20-05:00,2019-01-11 09:37:41-05:00,No Percipitation,0,26,48,2019-01-11 09:17:35-05:00,2019-01-11 09:16:23-05:00,11,10,1,0,Dry,3,2,1,0,0,0,0,0,0,0
event_446,segment_38,accident,2019-01-11 09:38:12-05:00,2019-01-11 09:57:00-05:00,No Percipitation,0,49,62,2019-01-11 09:45:52-05:00,2019-01-11 09:38:34-05:00,11,6,0,5,Dry,2,2,0,0,0,0,0,0,0,0
event_447,segment_659,injury accident,2019-01-11 10:07:29-05:00,2019-01-11 10:32:28-05:00,No Percipitation,0,58,61,2019-01-11 10:07:53-05:00,2019-01-11 10:07:29-05:00,13,12,1,0,Wet,3,2,1,0,0,0,0,0,0,0
event_448,segment_891,injury accident,2019-01-11 10:10:47-05:00,2019-01-11 10:43:29-05:00,No Percipitation,0,18,60,2019-01-11 10:25:30-05:00,2019-01-11 10:11:07-05:00,17,15,2,0,Dry,2,2,0,0,0,0,0,0,0,0
event_449,segment_726,accident,2019-01-11 10:11:14-05:00,2019-01-11 11:41:23-05:00,No Percipitation,0,65,60,2019-01-11 10:12:26-05:00,2019-01-11 10:12:24-05:00,14,7,0,7,Dry,1,0,1,0,0,0,0,0,0,0
event_450,segment_279,accident,2019-01-11 11:22:52-05:00,2019-01-11 11:42:57-05:00,No Percipitation,0,42,47,2019-01-11 11:23:56-05:00,,6,5,1,0,Dry,3,3,0,0,0,0,0,0,0,0
event_451,segment_815,accident,2019-01-11 11:36:15-05:00,2019-01-11 12:02:37-05:00,No Percipitation,0,32,54,2019-01-11 11:36:41-05:00,,14,12,2,0,Dry,2,1,1,0,0,0,0,0,0,0
event_452,segment_54,accident,2019-01-11 13:12:33-05:00,2019-01-11 14:23:03-05:00,No Percipitation,0,56,61,2019-01-11 13:23:29-05:00,,14,7,0,7,Wet,3,3,0,0,0,0,0,0,0,0
event_453,segment_685,accident,2019-01-11 13:12:48-05:00,2019-01-11 13:35:19-05:00,No Percipitation,0,46,60,2019-01-11 13:13:33-05:00,,13,6,0,7,Dry,3,2,1,0,0,0,0,0,0,0
event_454,segment_973,accident,2019-01-11 13:39:47-05:00,2019-01-11 14:06:29-05:00,No Percipitation,0,76,49,2019-01-11 13:55:17-05:00,2019-01-11 13:47:09-05:00,,,,,Dry,0,0,0,0,0,0,0,0,0,0
event_455,segment_54,accident,2019-01-11 13:44:26-05:00,2019-01-11 14:22:20-05:00,No Percipitation,0,51,61,2019-01-11 13:23:29-05:00,,15,13,2,0,Dry,2,2,0,0,0,0,0,0,0,0
event_456,segment_207,accident,2019-01-11 14:25:54-05:00,2019-01-11 14:38:13-05:00,No Percipitation,0,57,59,2019-01-11 14:26:30-05:00,2019-01-11 14:25:54-05:00,9,7,2,0,Dry,2,2,0,0,0,0,0,0,0,0
event_457,segment_848,injury accident,2019-01-11 14:26:37-05:00,2019-01-11 14:54:11-05:00,No Percipitation,0,19,61,2019-01-11 14:30:54-05:00,2019-01-11 14:26:37-05:00,16,12,4,0,Dry,2,1,0,1,0,0,0,0,0,0
event_458,segment_473,accident,2019-01-11 14:48:38-05:00,2019-01-11 15:12:28-05:00,No Percipitation,0,67,65,2019-01-11 15:12:17-05:00,2019-01-11 14:51:15-05:00,,,,,Dry,2,1,0,1,0,0,0,0,0,0
event_459,segment_168,accident,2019-01-11 14:56:29-05:00,2019-01-11 15:12:45-05:00,No Percipitation,0,53,58,2019-01-11 15:12:33-05:00,2019-01-11 14:58:56-05:00,10,5,0,5,Dry,0,0,0,0,0,0,0,0,0,0
event_460,segment_963,accident,2019-01-11 15:02:43-05:00,2019-01-11 15:09:00-05:00,No Percipitation,0,51,49,,2019-01-11 15:03:25-05:00,5,3,0,2,Dry,0,0,0,0,0,0,0,0,0,0
event_461,segment_1968,injury accident,2019-01-11 15:11:42-05:00,2019-01-11 17:42:30-05:00,No Percipitation,0,22,37,2019-01-11 15:12:34-05:00,,8,4,4,0,Dry,3,3,0,0,0,0,0,0,0,0
event_462,segment_1970,injury accident,2019-01-11 15:15:37-05:00,2019-01-11 18:26:12-05:00,No Percipitation,0,30,32,2019-01-11 15:16:13-05:00,,9,1,0,8,Dry,3,2,0,1,0,0,0,0,0,0
event_463,segment_473,accident,2019-01-11 16:03:39-05:00,2019-01-11 16:50:44-05:00,No Percipitation,0,66,65,2019-01-11 16:03:48-05:00,2019-01-11 16:03:46-05:00,13,12,1,0,Dry,2,2,0,0,0,0,0,0,0,0
event_464,segment_666,accident,2019-01-11 16:07:52-05:00,2019-01-11 16:48:07-05:00,No Percipitation,0,30,60,2019-01-11 16:13:58-05:00,,12,7,0,5,Wet,3,3,0,0,0,0,0,0,0,0
event_465,segment_830,accident,2019-01-11 16:17:54-05:00,2019-01-11 16:30:41-05:00,No Percipitation,0,22,61,2019-01-11 16:26:51-05:00,,16,9,0,7,Dry,2,1,1,0,0,0,0,0,0,0
event_466,segment_298,injury accident,2019-01-11 16:18:40-05:00,2019-01-11 16:52:59-05:00,No Percipitation,0,54,60,2019-01-11 16:19:28-05:00,2019-01-11 16:19:26-05:00,14,8,0,6,Dry,3,3,0,0,0,0,0,0,0,0
event_467,segment_984,accident,2019-01-11 16:19:51-05:00,2019-01-11 17:44:35-05:00,No Percipitation,0,40,51,2019-01-11 16:30:18-05:00,2019-01-11 16:21:46-05:00,4,3,1,0,Dry,2,1,1,0,0,0,0,0,0,0
event_468,segment_1881,injury accident,2019-01-11 16:23:16-05:00,2019-01-11 17:01:29-05:00,No Percipitation,0,42,43,2019-01-11 16:38:24-05:00,2019-01-11 16:23:46-05:00,6,3,0,3,Dry,2,1,1,0,0,0,0,0,0,0
event_469,segment_1451,injury accident,2019-01-11 16:40:30-05:00,2019-01-11 17:04:58-05:00,No Percipitation,0,34,52,2019-01-11 16:41:29-05:00,,10,6,0,4,Unspecified,2,2,0,0,0,0,0,0,0,0
event_470,segment_1983,accident,2019-01-11 16:42:17-05:00,2019-01-11 16:44:20-05:00,No Percipitation,0,36,34,2019-01-11 16:43:27-05:00,,10,5,0,5,Dry,2,1,1,0,0,0,0,0,0,0
event_471,segment_490,accident,2019-01-11 16:56:44-05:00,2019-01-11 18:10:12-05:00,No Percipitation,0,70,65,2019-01-11 16:57:02-05:00,2019-01-11 16:57:01-05:00,11,10,1,0,Dry,1,1,0,0,0,0,0,0,0,0
event_472,segment_125,accident,2019-01-11 16:59:44-05:00,2019-01-11 17:08:27-05:00,No Percipitation,0,44,49,2019-01-11 17:08:15-05:00,2019-01-11 17:00:17-05:00,12,7,0,5,Dry,0,0,0,0,0,0,0,0,0,0
event_473,segment_686,accident,2019-01-11 17:07:53-05:00,2019-01-11 17:15:02-05:00,No Percipitation,0,52,62,2019-01-11 17:07:57-05:00,2019-01-11 17:07:53-05:00,17,16,1,0,Dry,3,3,0,0,0,0,0,0,0,0
event_474,segment_599,accident,2019-01-11 17:16:20-05:00,2019-01-11 17:17:05-05:00,No Percipitation,0,22,56,2019-01-11 17:17:00-05:00,,11,10,1,0,Dry,2,2,0,0,0,0,0,0,0,0
event_475,segment_735,injury accident,2019-01-11 17:41:25-05:00,2019-01-11 18:32:46-05:00,No Percipitation,0,30,59,2019-01-11 17:48:36-05:00,2019-01-11 17:41:49-05:00,15,8,0,7,Unspecified,2,2,0,0,0,0,0,0,0,0
event_476,segment_434,accident,2019-01-11 18:07:37-05:00,2019-01-11 19:57:11-05:00,No Percipitation,0,69,65,,2019-01-11 18:07:48-05:00,,,,,Dry,0,0,0,0,0,0,0,0,0,0
event_477,segment_690,accident,2019-01-11 18:08:16-05:00,2019-01-11 18:40:08-05:00,No Percipitation,0,58,62,2019-01-11 18:14:27-05:00,2019-01-11 18:09:11-05:00,13,7,0,6,Dry,3,2,1,0,0,0,0,0,0,0
event_478,segment_540,accident,2019-01-11 18:10:57-05:00,2019-01-11 18:38:31-05:00,No Percipitation,0,23,61,2019-01-11 18:32:07-05:00,2019-01-11 18:11:32-05:00,9,5,0,4,Dry,2,2,0,0,0,0,0,0,0,0
event_479,segment_1696,accident,2019-01-11 18:27:30-05:00,2019-01-11 18:36:24-05:00,No Percipitation,0,53,57,2019-01-11 18:32:10-05:00,,21,11,0,10,Dry,2,2,0,0,0,0,0,0,0,0
event_480,segment_1684,injury accident,2019-01-11 18:37:47-05:00,2019-01-11 18:59:53-05:00,No Percipitation,0,25,54,2019-01-11 18:41:42-05:00,2019-01-11 18:37:47-05:00,21,19,2,0,Dry,2,2,0,0,0,0,0,0,0,0
event_481,segment_876,accident,2019-01-11 18:38:15-05:00,2019-01-11 18:49:11-05:00,No Percipitation,0,45,58,2019-01-11 18:38:19-05:00,2019-01-11 18:38:15-05:00,13,11,2,0,Dry,2,2,0,0,0,0,0,0,0,0
event_482,segment_823,accident,2019-01-11 18:52:08-05:00,2019-01-11 19:23:26-05:00,No Percipitation,0,64,64,2019-01-11 19:05:20-05:00,,12,11,0,1,Dry,2,2,0,0,0,0,0,0,0,0
event_483,segment_1608,accident,2019-01-11 19:31:43-05:00,2019-01-11 20:30:08-05:00,No Percipitation,0,21,21,2019-01-11 19:36:20-05:00,,9,5,0,4,Unspecified,1,1,0,0,0,0,0,0,0,0
event_484,segment_876,accident,2019-01-11 20:03:03-05:00,2019-01-11 20:24:41-05:00,No Percipitation,0,21,58,2019-01-11 20:13:25-05:00,2019-01-11 20:03:03-05:00,14,11,3,0,Dry,4,4,0,0,0,0,0,0,0,0
event_485,segment_219,accident,2019-01-11 20:52:23-05:00,2019-01-11 21:22:43-05:00,No Percipitation,0,54,57,2019-01-11 20:54:31-05:00,,11,8,3,0,Dry,1,1,0,0,0,0,0,1,0,0
event_486,segment_238,accident,2019-01-11 21:24:57-05:00,2019-01-11 21:46:22-05:00,No Percipitation,0,41,49,,2019-01-11 21:28:27-05:00,,,,,Dry,0,0,0,0,0,0,0,0,0,0
event_487,segment_638,injury accident,2019-01-11 22:06:28-05:00,2019-01-11 23:13:29-05:00,No Percipitation,0,36,60,2019-01-11 22:07:12-05:00,,7,4,3,0,Dry,3,3,0,0,0,0,0,0,0,0
event_488,segment_2091,accident,2019-01-11 23:18:31-05:00,2019-01-11 23:48:33-05:00,No Percipitation,0,42,40,2019-01-11 23:19:01-05:00,2019-01-11 23:18:47-05:00,24,12,0,12,Dry,3,2,1,0,0,0,0,0,0,0
event_489,segment_1305,injury accident,2019-01-11 23:44:44-05:00,2019-01-11 23:49:52-05:00,No Percipitation,0,55,55,2019-01-11 23:47:42-05:00,,,,,,Unspecified,6,5,1,0,0,0,0,0,0,0
event_490,segment_253,accident,2019-01-12 00:24:05-05:00,2019-01-12 01:01:55-05:00,No Percipitation,0,64,65,2019-01-12 00:24:22-05:00,,14,12,2,0,Dry,3,3,0,0,0,0,0,0,0,0
event_491,segment_963,accident,2019-01-12 03:22:49-05:00,2019-01-12 03:30:26-05:00,No Percipitation,0,49,49,2019-01-12 03:28:37-05:00,2019-01-12 03:28:09-05:00,5,4,1,0,Dry,2,1,1,0,0,0,0,0,0,0
event_492,segment_1190,accident,2019-01-12 04:53:45-05:00,2019-01-12 07:19:47-05:00,No Percipitation,0,19,19,2019-01-12 04:54:33-05:00,,,,,,Unspecified,2,1,1,0,0,0,0,0,0,0
event_493,segment_199,accident,2019-01-12 05:39:44-05:00,2019-01-12 06:27:35-05:00,No Percipitation,0,67,62,2019-01-12 05:53:52-05:00,2019-01-12 05:40:00-05:00,13,7,0,6,Dry,2,1,1,0,0,0,0,0,0,0
event_494,segment_871,injury accident,2019-01-12 06:05:37-05:00,2019-01-12 06:30:09-05:00,No Percipitation,0,39,60,2019-01-12 06:13:06-05:00,,13,12,0,1,Dry,2,2,0,0,0,0,0,0,0,0
event_495,segment_120,serious accident,2019-01-12 07:30:49-05:00,2019-01-12 11:53:12-05:00,No Percipitation,0,57,59,2019-01-12 07:31:55-05:00,,9,1,8,0,Dry,1,0,0,0,0,1,0,0,0,0
event_496,segment_660,accident,2019-01-12 08:44:35-05:00,2019-01-12 09:02:16-05:00,No Percipitation,0,64,62,2019-01-12 08:46:30-05:00,,15,7,0,8,Dry,1,1,0,0,0,0,0,0,0,0
event_497,segment_693,injury accident,2019-01-12 10:28:10-05:00,2019-01-12 11:07:46-05:00,No Percipitation,0,74,59,2019-01-12 10:33:34-05:00,,15,13,2,0,Dry,4,3,1,0,0,0,0,0,0,0
event_498,segment_426,accident,2019-01-12 10:41:25-05:00,2019-01-12 11:13:00-05:00,No Percipitation,0,54,57,2019-01-12 11:12:44-05:00,2019-01-12 10:41:41-05:00,13,12,1,0,Dry,2,2,0,0,0,0,0,0,0,0
event_499,segment_334,injury accident,2019-01-12 10:45:35-05:00,2019-01-12 10:47:20-05:00,No Percipitation,0,60,64,2019-01-12 10:45:39-05:00,2019-01-12 10:45:35-05:00,14,12,0,2,Dry,0,0,0,0,0,0,0,0,0,0
event_500,segment_222,accident,2019-01-12 11:54:57-05:00,2019-01-12 12:42:21-05:00,No Percipitation,0,18,60,2019-01-12 12:00:17-05:00,,15,7,0,8,Dry,4,4,0,0,0,0,0,0,0,0
event_501,segment_515,serious accident,2019-01-12 14:39:54-05:00,2019-01-12 17:19:58-05:00,No Percipitation,0,53,58,2019-01-12 14:50:04-05:00,2019-01-12 14:40:04-05:00,11,6,0,5,Dry,1,1,0,0,0,0,0,0,0,0
event_502,segment_891,injury accident,2019-01-12 18:38:48-05:00,2019-01-12 19:21:40-05:00,Snow,0.9,41,60,2019-01-12 18:42:58-05:00,,14,12,0,2,Wet - chemicals,2,1,0,0,0,0,0,0,0,0
event_503,segment_70,accident,2019-01-12 19:26:08-05:00,2019-01-12 20:28:35-05:00,Snow,1.36,57,66,2019-01-12 19:35:21-05:00,2019-01-12 19:26:52-05:00,10,6,0,4,Ice/Snow,1,1,0,0,0,0,0,0,0,0
event_504,segment_192,accident,2019-01-12 19:29:59-05:00,2019-01-12 19:46:33-05:00,Snow,0.84,33,65,2019-01-12 19:43:54-05:00,2019-01-12 19:30:13-05:00,14,2,0,12,Ice/Snow,2,2,0,0,0,0,0,0,0,0
event_505,segment_920,accident,2019-01-12 19:36:35-05:00,2019-01-12 19:43:00-05:00,Snow,0.88,43,62,2019-01-12 19:38:44-05:00,2019-01-12 19:36:35-05:00,15,13,2,0,Ice/Snow,3,3,0,0,0,0,0,0,0,0
event_506,segment_193,injury accident,2019-01-12 19:45:56-05:00,2019-01-12 21:27:58-05:00,Snow,1.06,34,65,2019-01-12 19:50:36-05:00,2019-01-12 19:47:39-05:00,14,8,0,6,Ice/Snow,4,4,0,0,0,0,0,0,0,0
event_507,segment_596,accident,2019-01-12 19:52:39-05:00,2019-01-12 20:49:44-05:00,Snow,0.98,60,63,2019-01-12 20:05:01-05:00,2019-01-12 19:52:57-05:00,12,5,0,7,Wet,1,1,0,0,0,0,0,0,0,0
event_508,segment_1896,accident,2019-01-12 19:52:48-05:00,2019-01-12 21:20:33-05:00,No Percipitation,0,32,29,2019-01-12 19:53:35-05:00,,13,1,0,12,Ice/Snow,0,0,0,0,0,0,0,0,0,0
event_509,segment_850,accident,2019-01-12 19:58:24-05:00,2019-01-12 20:53:45-05:00,Snow,0.86,25,59,,2019-01-12 19:59:27-05:00,11,10,0,1,Ice/Snow,1,1,0,0,0,0,0,0,0,0
event_510,segment_998,accident,2019-01-12 20:14:33-05:00,2019-01-12 20:18:56-05:00,Snow,1.06,47,61,2019-01-12 20:14:47-05:00,2019-01-12 20:14:33-05:00,12,11,1,0,Wet - chemicals,1,1,0,0,0,0,0,0,0,0
event_511,segment_614,accident,2019-01-12 20:25:27-05:00,2019-01-12 20:34:52-05:00,Snow,1.16,45,59,2019-01-12 20:26:02-05:00,2019-01-12 20:25:27-05:00,11,6,0,5,Wet - chemicals,1,0,1,0,0,0,0,0,0,0
event_512,segment_820,accident,2019-01-12 20:28:34-05:00,2019-01-12 21:01:24-05:00,Snow,0.78,61,62,2019-01-12 20:45:32-05:00,2019-01-12 20:28:43-05:00,14,7,0,7,Wet - chemicals,2,2,0,0,0,0,0,0,0,0
event_513,segment_470,accident,2019-01-12 20:28:47-05:00,2019-01-12 21:20:55-05:00,Snow,0.64,66,65,2019-01-12 20:29:03-05:00,,13,7,0,6,Wet - chemicals,1,0,1,0,0,0,0,0,0,0
event_514,segment_960,accident,2019-01-12 20:29:40-05:00,2019-01-12 21:38:04-05:00,Snow,0.94,35,61,2019-01-12 20:39:26-05:00,2019-01-12 20:29:40-05:00,11,8,3,0,Wet - chemicals,1,0,1,0,0,0,0,0,0,0
event_515,segment_1982,accident,2019-01-12 20:49:05-05:00,2019-01-12 21:07:40-05:00,Snow,0.66,43,43,2019-01-12 21:02:25-05:00,2019-01-12 20:49:16-05:00,13,8,0,5,Wet,0,0,0,0,0,0,0,0,0,0
event_516,segment_190,accident,2019-01-12 20:50:44-05:00,2019-01-12 21:04:01-05:00,Snow,0.86,38,64,2019-01-12 20:50:49-05:00,2019-01-12 20:50:44-05:00,16,14,1,1,Ice/Snow,1,1,0,0,0,0,0,0,0,0
event_517,segment_875,accident,2019-01-12 20:53:15-05:00,2019-01-12 21:17:52-05:00,Snow,1.04,32,60,2019-01-12 20:55:02-05:00,2019-01-12 20:53:15-05:00,13,12,1,0,Wet - chemicals,1,1,0,0,0,0,0,1,0,0
event_518,segment_423,accident,2019-01-12 20:59:27-05:00,2019-01-12 22:21:01-05:00,Snow,0.84,56,64,2019-01-12 21:41:02-05:00,2019-01-12 21:00:01-05:00,14,7,0,7,Wet - chemicals,0,0,0,0,0,0,0,0,0,0
event_519,segment_67,accident,2019-01-12 21:23:13-05:00,2019-01-12 23:41:05-05:00,Snow,1.96,60,65,2019-01-12 21:25:09-05:00,2019-01-12 21:23:41-05:00,13,7,0,6,Ice/Snow,1,1,0,0,0,0,0,0,0,0
event_520,segment_419,accident,2019-01-12 21:23:38-05:00,2019-01-12 21:37:33-05:00,Snow,1,21,64,2019-01-12 21:32:01-05:00,2019-01-12 21:24:25-05:00,13,7,0,6,Wet - chemicals,0,0,0,0,0,0,0,0,0,0
event_521,segment_631,accident,2019-01-12 21:26:35-05:00,2019-01-12 21:49:45-05:00,Snow,0.88,58,60,2019-01-12 21:36:56-05:00,,12,6,0,6,Wet - chemicals,2,2,0,0,0,0,0,0,0,0
event_522,segment_191,accident,2019-01-12 21:28:38-05:00,2019-01-12 21:34:02-05:00,Snow,1.44,36,58,2019-01-12 21:28:42-05:00,2019-01-12 21:28:38-05:00,14,13,1,0,Ice/Snow,0,0,0,0,0,0,0,0,0,0
event_523,segment_843,accident,2019-01-12 21:38:24-05:00,2019-01-13 04:09:44-05:00,Snow,2.76,58,62,2019-01-12 21:45:35-05:00,,13,12,1,0,Wet - chemicals,1,0,1,0,0,0,0,0,0,0
event_524,segment_689,accident,2019-01-12 21:38:49-05:00,2019-01-12 22:21:58-05:00,Snow,1.18,59,61,2019-01-12 21:39:23-05:00,2019-01-12 21:39:08-05:00,11,6,0,5,Wet - chemicals,2,1,0,0,0,0,0,1,0,0
event_525,segment_584,accident,2019-01-12 21:51:33-05:00,2019-01-12 22:09:10-05:00,Snow,1.08,21,63,2019-01-12 21:55:34-05:00,,12,5,0,7,Ice/Snow,0,0,0,0,0,0,0,0,0,0
event_526,segment_2025,accident,2019-01-12 22:02:49-05:00,2019-01-12 22:21:31-05:00,Snow,1.36,64,64,2019-01-12 22:03:04-05:00,2019-01-12 22:03:04-05:00,13,12,1,0,Ice/Snow,1,1,0,0,0,0,0,0,0,0
event_527,segment_64,injury accident,2019-01-12 22:07:22-05:00,2019-01-12 22:19:20-05:00,Snow,1.38,51,58,2019-01-12 22:17:58-05:00,2019-01-12 22:08:10-05:00,12,6,0,6,Ice/Snow,0,0,0,0,0,0,0,0,0,0
event_528,segment_424,accident,2019-01-12 22:10:50-05:00,2019-01-12 22:21:42-05:00,Snow,1.2,61,58,2019-01-12 22:11:47-05:00,2019-01-12 22:11:01-05:00,,,,,Wet - chemicals,0,0,0,0,0,0,0,0,0,0
event_529,segment_872,accident,2019-01-12 22:17:22-05:00,2019-01-13 00:28:40-05:00,Snow,0.94,51,60,2019-01-12 22:17:32-05:00,2019-01-12 22:17:22-05:00,18,17,1,0,Wet - chemicals,1,1,0,0,0,0,0,0,0,0
